2842 4936
646 359 795 455 “n-s*

248 528 378 591 Nomina
396 534 426 589 et
442 528 519 589 tiliae
535 533 564 588 et
580 529 673 608 patris
689 531 758 591 hine
774 527 903 608 primum
920 528 1119 606 innotescunt,
1140 528 1268 592 alterum

165 634 337 720 Στουδίδης
359 657 491 718 quocum
510 638 649 699 conferas
670 656 780 698 nomeu
803 635 934 703 Σποῦδις
957 656 976 696 a
996 635 1095 699 Keilio
1118 657 1217 718 nuper
1237 637 1268 700 iu

165 746 252 808 titulo
274 747 309 808 0.
328 747 349 807 l.
369 747 432 808 448
451 764 496 806 vs
513 747 541 807 9.
565 744 720 807 defensum
741 744 851 824 (Anall.
874 745 967 826 epigr.
982 765 1012 824 p.
1026 747 1119 826 218);
1142 745 1269 808 alterum

164 861 239 936 puto
263 849 415 930 Ἐνίαλον,
447 853 530 937 quod
557 873 669 915 nomen
696 852 846 915 difficilius
876 858 921 914 est
948 853 1097 933 expeditu.
1138 855 1269 934 Propter

163 963 402 1024 terminationem
435 962 614 1045 quibuscum
647 964 786 1025 conferas
819 961 911 1022 habes
941 961 1064 1023 nomina
1092 957 1268 1046 Ἀγχίαλος,

159 1067 349 1155 Ἀμφίαλος,
381 1068 532 1154 Περίαλος
563 1069 642 1152 (nisi
668 1066 838 1153 Περίαλλος
864 1069 958 1130 mavis
986 1091 1057 1132 eum
1084 1071 1184 1136 Keilio
1205 1072 1225 1134 l.
1247 1071 1267 1136 l.

162 1200 193 1260 p.
215 1181 302 1259 231).
344 1181 475 1243 Nomina
504 1178 663 1240 muliebria
690 1178 817 1240 neutrali
842 1178 994 1258 positione
1017 1179 1175 1241 maximam
1200 1199 1269 1261 par-

161 1294 224 1350 tem
251 1288 433 1352 deminutiva
461 1294 531 1352 sunt
560 1288 640 1350 sicut
660 1283 822 1371 Ἐλάφιον,
850 1282 1032 1364 Κωνώπιον,
1062 1283 1267 1370 Κρουμάτιον,

163 1393 352 1478 Φιλημάτιον
377 1419 425 1478 ap.
449 1397 581 1460 Lobeek.
607 1396 721 1459 Pathol.
744 1397 841 1461 Serm.
863 1397 916 1456 Gr.
938 1415 967 1474 p.
990 1397 1048 1469 70;
1082 1397 1191 1478 quibus
1217 1398 1269 1460 ad·-

162 1505 271 1567 dantur
292 1501 511 1590 Παρθένιον
529 1503 719 1588 Ἀριστείδου
735 1503 870 1566 Λάκαινα
889 1502 1111 1584 [Φ]ανοκλέους
1125 1500 1267 1568 Είτεαίου

160 1614 235 1694 γυνη
256 1614 299 1692 (in
318 1614 409 1695 eippo
429 1614 561 1677 rotundo
577 1621 645 1676 ante
657 1613 804 1694 Dipylon)
825 1619 915 1695 atque
927 1607 1081 1674 Ῥόδιον
1096 1608 1267 1676 Ῥοδίππου

157 1717 338 1804 Ἠιιειρῶτις
356 1723 518 1803 (Athenis).
548 1723 676 1785 Rariora
689 1730 778 1804 atque
795 1721 1040 1783 memorabiliora
1059 1727 1130 1783 sunt
1147 1723 1270 1785 nomina

161 1832 303 1894 feminina
335 1831 469 1894 eiusdem
499 1830 659 1910 positionis
692 1850 768 1912 quae
801 1849 864 1891 non
897 1835 968 1892 sunt
1000 1829 1197 1910 deminutiva,
1234 1839 1269 1895 ut

156 1937 304 2023 Ὤκιμον,
334 1937 504 2022 Γυμνάσιον
536 1958 584 2019 ap.
610 1938 741 2000 Lobeek.
768 1937 788 2000 l.
815 1938 836 2000 l.
883 1938 971 2000 Adde
1000 1934 1176 1999 Σύνετον
1204 1939 1268 2002 sive

161 2045 291 2110 Ξίνετον
308 2043 516 2132 Ἧρακλεῶτις
533 2042 604 2130 ’Ep
622 2042 711 2130 Ἀρχ.
729 2047 790 2110 532
809 2064 846 2108 ao
864 2042 1068 2129 Πρόσοδον
1087 2041 1266 2128 Μνησιθέου

160 2157 192 2217 in
213 2156 313 2237 lapide
333 2156 487 2237 Hymettio
510 2156 561 2239 qui
579 2175 678 2235 prope
698 2155 849 2217 Theseum
868 2154 961 2227 iacet;
983 2174 1080 2236 neque
1099 2154 1178 2216 enirn
1196 2175 1268 2236 pro-

159 2265 293 2328 baverim
309 2265 336 2326 si
356 2265 423 2346 quis
445 2264 576 2327 dissecto
599 2263 720 2325 nomine
741 2261 817 2346 πρὸς
836 2261 908 2324 ὁδὸν
930 2263 990 2343 legi
1005 2263 1116 2324 iubeat.
1145 2263 1268 2327 Nomen

160 2373 358 2436 masculinum
373 2369 532 2455 Πρίσοδος
552 2380 583 2435 et
600 2373 699 2453 ipsum
715 2372 797 2453 apud
808 2372 934 2452 Papium
948 2371 1041 2434 addas
1058 2391 1074 2434 e
1091 2371 1125 2434 C.
1138 2373 1160 2434 l.
1175 2372 1267 2451 2944,

161 2483 273 2546 30252.
318 2479 367 2543 Ad
393 2481 510 2544 rariora
537 2480 697 2543 mulierum
729 2480 851 2542 nomina
881 2479 1051 2542 adnotanda
1080 2479 1196 2543 delatus
1229 2501 1267 2543 ex

161 2591 281 2654 schedis
302 2589 377 2651 meis
400 2595 430 2651 et
451 2589 566 2651 diurnis
587 2587 696 2650 Atticis
717 2590 790 2650 haec
809 2588 948 2668 adiungo.
987 2587 1108 2648 Nomen
1123 2584 1267 2666 Ῥοδώ,

160 2700 239 2762 inter
257 2699 392 2761 Graecos
412 2697 464 2780 qui
484 2717 564 2760 nune
581 2703 651 2760 sunt
668 2697 900 2773 usitatissimum,
919 2717 988 2758 cum
1004 2695 1057 2756 illo
1078 2696 1160 2777 quod
1175 2716 1268 2777 supra

160 2807 252 2888 posui
275 2801 399 2868 Ῥόδιον
419 2806 513 2869 addas
534 2807 573 2868 ad
596 2805 674 2869 Keil.
698 2804 784 2868 Anal.
805 2826 836 2886 p.
859 2806 929 2868 164.
953 2825 971 2867 e
993 2804 1082 2866 titulo
1106 2805 1269 2886 sepulcrali

161 2915 280 2979 Attico:
302 2909 441 2997 Εὔτυχος
457 2909 612 2999 Καίσαρος
630 2913 787 2997 ἱππιατρδς
803 2908 959 2976 -Ῥυδὼ
976 2909 1199 2997 Μενεκράτιδος
1213 2910 1268 2977 Μι·

161 3022 254 3105 λησία
269 3061 306 3072 -
325 3018 427 3107 ἑαυτῷ
441 3021 571 3090 καὶτοῖς
588 3019 712 3088 τέκνοις.
742 3020 953 3103 Anaglyphum
967 3021 1017 3084 eui
1035 3023 1110 3083 haec
1126 3022 1270 3103 inscripta

161 3141 233 3194 sunt
260 3131 319 3192 vid.
343 3126 414 3214 Ἐφ.
439 3126 529 3215 Ἀρχ.
554 3150 584 3192 n.
611 3132 682 3192 602.
720 3128 1026 3212 Δαμασιστράτου
1058 3127 1268 3192 Πολυκλείδου

161 3243 205 3304 tit.
234 3239 403 3302 Piraeensis
434 3259 522 3321 quern
554 3239 634 3300 edidi
663 3240 777 3299 Romae
808 3237 936 3317 (Bullet
960 3238 1042 3299 1840
1064 3258 1093 3317 p.
1117 3240 1189 3318 58);
1227 3239 1268 3300 cs.

163 3348 430 3431 Φειδοστράτη
452 3344 625 3429 Ἀγλαύρου
655 3344 752 3428 ἱέρεια
777 3340 848 3428 ’Ep
869 3341 958 3428 Ἀρχ.
981 3344 1051 3407 475.
1077 3350 1107 3407 et
1133 3344 1269 3408 Φειδε·

163 3457 298 3540 στράτη
313 3452 460 3518 Τελεσίου
474 3453 509 3517 ἐκ
519 3450 688 3537 Κεραμέων
701 3456 772 3516 266.
779 3448 906 3519 Ἀτθὶς
920 3451 1094 3535 Δημητρίου
1107 3450 1269 3536 Μιλη[σ]ία

161 3560 350 3629 ΑΣΤΟΥΟΥ
370 3561 571 3644 (Ἀστείουῖ)
590 3558 626 3624 ’E
646 3559 740 3645 χιέως
758 3560 832 3643 γυνὴ
853 3561 887 3622 Ε.
905 3559 943 3624 Α.
960 3563 1037 3635 648;
1061 3562 1099 3623 ol.
1117 3558 1267 3645 Ἀττικὴ

163 3671 327 3757 Θεοφάνου
346 3674 386 3736 ib.
401 3675 471 3736 345.
500 3668 623 3752 Βιότη
639 3666 773 3752 Κτησίου
792 3665 905 3752 Ὀῆθεν
926 3670 1017 3753 γυνη;
1037 3669 1097 3731 vid.
1115 3672 1149 3732 C.
1165 3672 1187 3733 1.
1207 3672 1269 3733 223

162 3782 216 3844 ubi
238 3778 364 3849 Βίοττος
385 3777 507 3864 Ὀῆθεν.
531 3780 566 3841 Ε.
587 3778 624 3842 A.
646 3781 717 3842 296.
750 3775 902 3846 Ποῦσις
925 3778 1000 3858 (litt.
1019 3775 1048 3840 Π
1069 3773 1094 3840 Ο
1120 3778 1151 3840 in
1169 3778 1271 3859 lapide

163 3891 227 3952 fere
248 3890 444 3971 evanuerunt)
470 3884 720 3970 [Π]υθαηηέλο[υ]
743 3882 901 3970 Κορινθία.
925 3887 960 3949 Ε.
976 3886 1014 3950 Α.
1035 3889 1107 3950 646.
1143 3883 1244 3948 Θυσί
1251 3908 1271 3948 α

164 3994 302 4079 Μιλησία
323 4000 394 4061 297.
429 3993 693 4078 Ἧηησίθεμις
718 3989 929 4076 Ἡρακλείδεω
958 3992 1123 4062 Σινωπέως
1151 3995 1182 4055 in
1209 3994 1271 4075 lap.

165 4104 326 4167 Piraeensi.
355 4106 389 4168 E.
415 4104 452 4167 A.
482 4105 552 4167 526.
589 4100 726 4165 Θαλέα
745 4102 816 4165 633.
858 4099 968 4185 Αὔδη
987 4103 1103 4187 χρηστὴ
1127 4103 1198 4165 636.
1221 4104 1267 4166 ed.

165 4215 233 4275 Pitt.
254 4212 361 4274 melius
377 4211 459 4295 Λάδη
480 4212 548 4274 coll.
568 4210 603 4274 Ο.
618 4213 640 4276 l.
654 4213 724 4274 614.
754 4212 788 4272 ln
806 4209 907 4291 lapide
922 4212 1060 4274 Theraeo
1081 4211 1131 4292 (A.
1145 4212 1179 4273 E.
1194 4213 1271 4293 437)

167 4323 249 4406 quod
267 4342 285 4384 a
298 4321 402 4384 dextra
417 4322 455 4384 ad
470 4321 619 4384 sinistram
630 4320 776 4401 seriptum
792 4325 839 4381 est
854 4338 963 4384 nomen
980 4316 1152 4404 [Ἀμάμιης
1168 4321 1272 4385 dubito
