2842 4936
632 770 696 839 Tu.
723 770 789 840 llll.

580 901 653 981 (Ἐν
674 906 751 982 'Are
772 907 843 975 124)

636 1097 787 1110 -—

263 1242 340 1293 Tituli
360 1242 538 1307 fragmentum
557 1245 652 1296 litteris
675 1245 819 1295 admodum
840 1245 931 1308 parvis
951 1246 1077 1293 marmori
1100 1245 1266 1310 inscriptum,

225 1338 310 1388 propa
334 1325 513 1377 Erechtheum
539 1329 684 1390 repertum.
729 1327 803 1377 Idem
831 1327 885 1377 iam
911 1340 935 1376 a.
961 1322 1026 1374 1637
1055 1327 1163 1377 Rossius
1193 1329 1266 1378 misit

224 1406 353 1470 Bockhio,
377 1408 422 1472 qui
440 1421 492 1470 pro
511 1421 561 1459 sua
578 1421 641 1472 erga
660 1420 705 1458 me
722 1406 885 1458 humanitate
905 1406 1088 1470 apographum
1106 1408 1264 1460 Bassianum

224 1487 419 1551 inspiciendum
436 1491 464 1540 et
483 1501 546 1541 eum
561 1489 708 1540 Pittaciano
728 1487 940 1552 comparandum
959 1487 1023 1538 mihi
1045 1490 1187 1541 concessit.

581 1696 679 1750 [Textum
699 1697 749 1742 vide
766 1695 842 1750 infra]

240 1845 404 1926 Oatalogus
432 1855 479 1911 est
507 1849 716 1924 donariorum,
748 1850 803 1910 sed
827 1866 941 1910 novum
969 1847 1028 1910 hoc
1057 1848 1265 1928 catalogorum

157 1973 314 2016 sacromm
335 1975 438 2036 genua.
483 1962 641 2040 Quotquot
662 1956 741 2018 enim
761 1955 916 2019 hominnm
938 1953 1122 2038 ἀναθήματα
1144 1976 1264 2018 enume-

156 2070 269 2141 rantur,
290 2063 433 2147 φιάλην
456 2063 626 2147 σταθμὸν
646 2061 676 2128 Η
696 2064 806 2146 singuli
824 2065 997 2128 obtulerunt
1017 2063 1108 2146 idque
1128 2065 1264 2126 fecerunt

157 2169 421 2255 ἀποφυγόντες
434 2173 483 2235 vel
499 2172 773 2256 ἀποφογοῦσαι
790 2172 841 2235 τὸν
858 2172 957 2246 δεῖνος
975 2171 1264 2254 quorumneminem

157 2279 253 2341 civem
271 2280 485 2344 Atheniensem
512 2281 605 2345 fuisse
633 2281 855 2363 hincapparet
884 2281 967 2364 qnod
993 2279 1180 2361 singulorum
1202 2300 1264 2341 non

155 2408 252 2468 pagus
283 2391 337 2452 sed
369 2389 553 2453 domicilium
585 2397 716 2453 notatur.
760 2389 846 2453 Nihil
879 2389 969 2470 igitur
998 2388 1189 2451 verisimilius
1220 2393 1266 2448 est

156 2516 246 2578 quam
267 2516 425 2559 servorum
445 2517 660 2580 servorumque
688 2499 897 2562 recensionem
917 2517 999 2574 esse,
1028 2496 1080 2578 qui
1097 2496 1265 2557 libertatem

156 2603 236 2665 nacti
257 2603 315 2666 deo
340 2606 451 2668 deaeve
469 2604 615 2668 libertatis
633 2625 706 2668 suae
727 2605 840 2668 vindici
859 2605 940 2666 dona
959 2603 1061 2666 votiva
1081 2602 1264 2665 obtulerunt.

156 2711 273 2773 Eodem
297 2712 380 2774 ducit
408 2713 563 2776 nominum
591 2714 678 2778 ratio.
730 2713 823 2798 Quod
847 2717 948 2775 autem
973 2707 1267 2794 ἀποφυγόντες

157 2819 282 2881 donaria
308 2820 360 2882 illa
389 2841 502 2884 vovere
526 2821 680 2900 dicuntur,
709 2841 816 2886 servos
842 2840 905 2884 non
929 2818 1130 2883 manumissos
1156 2838 1265 2881 essee

157 2928 348 2990 dominorum
374 2935 522 3010 potestate
549 2929 604 2992 sed
634 2931 786 3013 aufugisse
813 2936 903 3014 atque
931 2929 1074 3010 fugitivos
1100 2929 1132 2990 in
1158 2927 1265 3012 ἀούλφ

157 3036 259 3118 aliquo
281 3037 395 3117 templo
416 3037 622 3118 impunitatem
642 3046 730 3122 atque
747 3040 916 3103 libertatem
934 3059 969 3100 ea
985 3038 1053 3118 lege
1071 3043 1178 3098 nactos
1198 3057 1266 3098 esse

157 3146 358 3225 suspicamur,
389 3153 424 3208 ut
448 3148 607 3209 donarium
635 3148 709 3210 certi
733 3149 823 3228 pretii
852 3147 954 3210 divino
979 3145 1092 3207 numini
1114 3146 1265 3206 offerrent.

155 3254 203 3315 Ad
233 3275 321 3337 quem
348 3255 437 3318 deum
458 3258 531 3319 haec
554 3256 653 3319 omnia
674 3256 843 3336 pertineant
863 3274 926 3316 non
946 3258 1044 3334 patet;
1073 3252 1147 3313 nihil
1164 3272 1266 3331 prom-

156 3364 237 3443 ptius
259 3363 379 3446 quidem
398 3386 486 3447 quam
507 3366 544 3426 de
566 3365 685 3426 Theseo
706 3363 848 3444 cogitare,
871 3363 954 3445 quod
975 3367 1039 3423 erat
1062 3358 1166 3444 φύξιον
1187 3356 1264 3420 οἰκέ-

156 3493 221 3539 ταις
242 3472 334 3551 (Plut.
352 3475 406 3536 Th.
421 3475 579 3554 XXXV),
600 3474 655 3535 sed
676 3472 797 3534 obstare
814 3471 935 3532 videtur
953 3471 1036 3551 quod
1054 3467 1132 3548 lapis
1151 3468 1181 3527 in
1196 3485 1266 3527 arce

156 3588 295 3660 repertus
317 3589 372 3644 est.
412 3582 557 3644 Homines
577 3581 621 3643 illi
643 3601 748 3645 omnes
770 3579 904 3661 inpagis
923 3584 975 3640 aut
996 3577 1090 3658 ipsius
1109 3575 1194 3636 urbis
1213 3578 1265 3635 aut
1299 3651 1306 3663 ο

156 3688 337 3751 suburbanis
365 3690 513 3764 habitant;
553 3690 635 3771 apud
663 3690 826 3753 nonnullos
854 3688 932 3750 vitae
959 3705 1054 3767 genus
1079 3683 1264 3764 adscriptum

157 3804 204 3857 est
225 3798 383 3881 (κάπηλος,
405 3798 545 3882 annalis,
566 3796 729 3882 γεωφγός);
755 3800 834 3861 servi
853 3798 981 3879 denique
1000 3794 1072 3857 olim
1090 3792 1179 3853 iidem
1200 3791 1265 3851 fue-

158 3912 227 3966 runt
246 3915 297 3969 aut
317 3906 512 3988 singulorum,
534 3915 586 3970 ant
605 3909 745 3970 binorum
768 3907 974 3985 (vs.15.18.),
996 3909 1047 3964 aut
1063 3900 1264 3979 collegiorum

158 4014 268 4090 (κοινὸν
285 4014 447 4097 ἐρανιοτῶν
464 4037 507 4079 vs
521 4019 583 4095 24),
605 4025 656 4079 ant
668 4015 854 4096 singulorum
870 4021 900 4077 et
914 4012 1113 4092 collegiorum
1133 4012 1187 4084 (vs
1204 4010 1262 4082 10).

156 4122 335 4184 Litteratura
358 4131 404 4185 est
424 4124 506 4207 quali
526 4125 690 4188 Alexandri
711 4123 897 4204 temporibus
920 4123 1081 4184 utebantur
1102 4115 1264 4178 Athenien·

155 4249 219 4302 sas;
241 4231 299 4290 huc
314 4231 391 4292 enim
405 4233 556 4310 pertinent
569 4240 688 4314 praeter
702 4232 867 4294 litterarum
880 4231 1056 4313 parvitatem
1071 4220 1144 4288 0-
1156 4222 1229 4285 Θ-
1239 4219 1264 4283 Ω

156 4337 303 4400 elementa
318 4339 425 4401 ceteris
444 4340 598 4416 breviora;
620 4341 859 4424 nequealienum
877 4346 923 4401 est
937 4338 975 4400 ab
993 4339 1049 4398 hac
1067 4339 1163 4396 aetate
1182 4331 1266 4413 quod

1008 4448 1027 4506 φ
1041 4443 1062 4486 a
