2842 4936
709 323 730 384 5

647 405 796 416 ——--.—

166 491 220 551 sed
239 490 276 550 ad
295 499 451 570 utramque
476 489 585 551 montis
611 496 727 570 partem
748 489 834 551 sitam
856 490 948 551 fnisse
968 495 1125 572 totumque
1146 492 1268 553 interio-

165 619 228 659 rem
250 605 376 660 tractum
397 605 427 659 et
448 599 533 679 qnasi
558 599 717 660 medullam
738 599 864 674 Atticae,
893 618 1050 680 quousque
1073 618 1173 680 neque
1196 601 1270 661 mari

163 708 293 769 adluitur
311 726 408 789 neque
426 708 590 773 maioribus
608 706 753 771 montium
766 707 843 786 iugis
862 707 881 769 i.
894 727 919 768 e.
928 707 1077 768 Parnetho
1094 713 1124 768 et
1133 708 1268 770 Brilesso

164 817 262 878 obsita
292 823 353 893 est,
380 834 476 897 usquc
503 817 541 878 ad
569 816 692 897 Aegalei
721 814 816 877 colles
843 816 1106 894 comprehendisse
1129 817 1268 882 arbitror.

162 925 217 986 His
239 924 335 986 tribus
351 921 469 985 Atticae
487 923 622 1004 partibus
645 930 748 1004 quarta
768 923 794 984 si
814 924 940 1002 additur,
962 933 1008 986 est
1022 925 1160 1004 Megaris,
1180 946 1267 1007 quam

162 1032 334 1115 quicunque
362 1033 528 1095 naturalem
553 1032 694 1094 locorum
722 1031 898 1094 divisionem
924 1033 1074 1116 sequitur,
1106 1035 1143 1096 ab
1167 1033 1267 1097 Attica

164 1141 320 1220 seiungere
341 1161 405 1202 non
425 1147 533 1221 potest,
562 1141 746 1220 eandemque
767 1140 839 1202 olim
860 1140 978 1204 Atticae
998 1162 1154 1204 accensam
1175 1145 1266 1206 luisse

162 1259 278 1313 veteres
305 1251 468 1331 scriptores
497 1250 616 1329 saepius
638 1250 831 1311 tradiderunt.
873 1250 1056 1312 Pertinuissc
1078 1259 1177 1314 autem
1199 1253 1267 1314 Nisi

162 1378 288 1439 regnum
308 1359 462 1420 dicebatur
486 1379 582 1440 usqne
603 1358 643 1418 ad
660 1360 814 1438 Pythium,
843 1359 925 1438 quod
946 1360 1081 1439 Pythium
1103 1369 1266 1440 praecinite

161 1468 292 1530 Ludolfo
312 1468 455 1547 Stephani
481 1467 585 1547 (Reisc
608 1468 703 1528 durch
728 1467 781 1526 das
802 1467 899 1528 niirdl.
921 1467 1140 1530 Griechenland
1159 1491 1188 1549 p.
1209 1472 1265 1550 81)

161 1597 224 1639 non
253 1583 328 1657 puto
354 1576 436 1636 aliud
463 1575 554 1637 luisse
583 1597 671 1658 qnam
700 1575 926 1637 celeberrimum
949 1576 1098 1656 Apollinis
1122 1579 1266 1659 templum

161 1687 193 1749 in
214 1692 315 1747 monte
335 1684 467 1761 Poecilo,
488 1684 541 1745 ubi
560 1705 646 1746 sacra
667 1685 717 1746 via
735 1685 831 1747 colles
852 1686 930 1746 inter
951 1706 1087 1765 campum
1106 1685 1265 1748 Athenien-

161 1815 226 1858 sem
246 1802 334 1876 atqne
355 1791 523 1854 Thriasium
544 1792 716 1855 interiectos
736 1801 858 1873 superat
870 1793 915 1871 ³¹⁶).
956 1795 1047 1874 Quod
1068 1794 1094 1854 si
1114 1801 1196 1857 recte
1216 1817 1266 1857 ex-

160 1904 258 1985 posui,
273 1914 393 1982 praeter
408 1899 505 1980 ipsam
519 1902 703 1981 Megaridem
717 1902 804 1962 etiam
816 1901 999 1962 adiacentem
1013 1901 1166 1980 planitiem
1180 1904 1265 1966 onius

161 2017 251 2092 capnt
264 2017 310 2072 est
325 2009 452 2085 Eleusis,
476 2008 514 2069 ad
531 2015 664 2090 quartam
679 2009 760 2070 illam
775 2009 997 2090 antiquissimae
1013 2009 1130 2072 Atticae
1150 2019 1264 2092 partem

160 2121 342 2183 Philochoro
362 2125 437 2180 teste
460 2118 641 2197 pertinuisse
661 2118 842 2197 intelligitur.

243 2229 305 2292 Sed
323 2227 411 2289 huius
432 2226 493 2287 loci
513 2245 576 2287 non
598 2232 643 2287 est
658 2225 775 2287 fabulas
790 2226 855 2288 illas
878 2227 915 2287 de
936 2226 1082 2289 divisione
1095 2227 1211 2290 Atticae
1226 2229 1264 2290 ab

161 2337 227 2400 aliis
250 2337 337 2400 aliter
361 2342 495 2397 narratas
517 2341 712 2414 pertractare,
741 2355 814 2416 quas
836 2337 969 2398 turbatas
989 2337 1083 2416 magis
1104 2357 1193 2419 qnam
1215 2357 1265 2398 ex-

159 2447 278 2528 plicitas
294 2446 382 2508 nobis
398 2445 584 2507 tradiderunt
599 2463 700 2505 rernm
712 2440 877 2504 Atticarum
890 2446 1067 2525 scriptores;
1091 2447 1162 2508 satis
1174 2446 1264 2507 habui

160 2556 307 2617 indicasse
336 2553 455 2634 qualem
484 2573 540 2632 ego
563 2554 753 2630 Mesogaeam
782 2551 944 2632 intelligam
964 2555 991 2614 si
1012 2555 1090 2615 inter
1111 2561 1172 2616 tres
1194 2574 1265 2634 qua-

159 2669 268 2725 tuorve
287 2659 404 2722 Atticae
421 2668 522 2740 partes
541 2665 739 2721 enumeratur.
773 2660 833 2719 lam
852 2661 1005 2740 quaeritur
1019 2663 1161 2723 eademne
1176 2661 1265 2723 luerit

160 2772 211 2832 illa
223 2771 384 2849 Mesogaea
400 2775 429 2829 et
442 2769 516 2830 haec
532 2766 618 2829 cuius
636 2767 738 2828 titulus
751 2775 855 2829 noster
870 2770 1049 2832 mentionem
1063 2771 1142 2833 lacit.
1171 2770 1265 2852 Quod

159 2880 239 2942 enim
262 2878 369 2960 aliquis
390 2877 496 2937 dixerit
516 2877 636 2938 nomina
656 2875 782 2938 illatum
798 2877 849 2940 diu
861 2877 1048 2940 obsolevisse
1064 2899 1162 2961 neque
1177 2879 1264 2940 aliam

159 2988 281 3051 illorum
305 2987 478 3048 memoriam
501 2985 593 3046 fuisse
611 2984 668 3047 nisi
691 2987 772 3065 apud
792 2991 898 3064 politas
919 2993 1008 3069 atque
1023 2988 1214 3069 antiquarios,
1237 2987 1263 3049 is

158 3097 275 3160 nescire
294 3095 412 3157 videtur
435 3099 531 3156 aetate
552 3094 749 3156 Macedonica
770 3095 915 3157 Paraliam
934 3095 1089 3174 regionem
1111 3116 1181 3156 cnm
1201 3095 1263 3157 suis

159 3249 360 3264 m

227 3319 251 3384 *J
272 3321 315 3371 Sic
332 3320 459 3384 intelligas
476 3319 555 3370 velim
574 3332 643 3382 qnae
661 3318 732 3380 apud
749 3316 909 3368 Strabonem
928 3319 991 3369 sunt
1002 3333 1027 3381 p.
1038 3315 1098 3370 392:
1118 3311 1262 3387 Φιλόχορος

160 3402 207 3471 μὲν
225 3399 272 3453 οὖν
291 3398 405 3451 ἀπὸτοῦ
424 3395 517 3467 ίοθμοῦ
535 3397 610 3470 μέχρι
627 3401 673 3448 τοῦ
691 3393 787 3450 ίίυίίίου
806 3395 901 3468 διήκειν
920 3395 1000 3448 αὐτοῦ
1024 3414 1087 3468 φησι
1105 3397 1152 3468 τὴν
1171 3397 1261 3469 ἀρχὴν,

154 3481 272 3556 Ἀνδρων
290 3480 318 3533 tt
336 3482 412 3554 μέχρι
429 3477 576 3537 Ἐλευσῖνος
595 3479 639 3529 καὶ
656 3483 703 3529 τοῦ
724 3474 844 3549 Θριασίου
863 3476 960 3529 πεδίου.
993 3481 1065 3530 hiter
1084 3482 1162 3544 igitur
1180 3485 1262 3542 extro,

160 3568 227 3619 alter
242 3567 312 3616 intra
331 3566 405 3630 regni
423 3564 509 3614 Nisaei
526 3562 592 3612 lines
606 3564 693 3611 toturn
707 3574 832 3624 campum
844 3561 1003 3612 Eleusinium
1016 3576 1078 3612 cum
1090 3563 1168 3612 Thria
1180 3562 1263 3612 luisse

161 3647 280 3713 putabat.
311 3646 382 3697 illud
396 3661 457 3694 acro
475 3643 543 3710 quod
558 3641 633 3708 culpo
649 3658 729 3709 prope
748 3641 848 3691 Ocnoen
864 3640 1089 3710 Hippothoontidis
1104 3643 1132 3692 in
1148 3641 1263 3706 confiniis
1280 3710 1282 3714 ,

161 3727 307 3795 allegorialis,
325 3726 437 3790 Atticae,
455 3724 577 3775 Boeotiae
590 3723 668 3786 [uisse
680 3721 794 3772 scribant
806 3722 925 3790 Pythium
939 3732 968 3774 ut
980 3725 1081 3774 videtur
1094 3722 1192 3775 uallum
1205 3723 1263 3786 [uit.

161 3815 252 3878 Neque
277 3813 347 3864 enim
372 3811 480 3860 omnino
498 3807 641 3857 verisimile
660 3807 701 3856 cst
720 3806 905 3856 Philochorum
924 3807 950 3855 in
975 3803 1105 3872 Tetrapoli
1124 3819 1165 3868 ap.
1183 3805 1264 3854 schol.

162 3895 241 3958 Soph.
258 3895 321 3945 Oed.
340 3892 392 3943 Col.
413 3886 479 3940 1102
498 3885 583 3951 (1047)
601 3901 654 3937 non
675 3889 709 3938 do
728 3888 817 3938 Oenoe
834 3888 969 3938 heantidis
988 3902 1057 3951 pago
1077 3888 1161 3951 loqui;
1180 3887 1265 3936 scho-

161 3977 252 4026 liastes
270 3979 360 4025 autem
378 3972 542 4036 Sophoclens
562 3985 614 4019 non
633 3982 716 4033 pagos
735 3969 784 4018 sed
803 3968 902 4031 templa
920 3968 1069 4028 contundit,
1093 3969 1127 4016 ad
1142 3967 1265 4031 Pythium

161 4057 227 4107 illud
242 4057 378 4106 Oenacum
393 4054 526 4115 reterens,
552 4066 622 4116 quac
639 4055 719 4116 poeta
737 4051 771 4102 do
788 4050 887 4112 templo
906 4050 1032 4113 Apollinis
1049 4050 1133 4113 Pythii
1151 4051 1177 4098 in
1193 4049 1265 4098 Poe-

162 4138 214 4190 cilo
228 4139 320 4187 monte
337 4139 389 4187 sito
410 4135 496 4195 (Paua.
516 4131 540 4196 1,
559 4131 600 4195 37,
617 4130 643 4196 7)
665 4131 797 4193 intellexit,
817 4133 847 4180 ut
864 4131 934 4184 bene
951 4133 1055 4182 monuit
1075 4131 1200 4193 stephan.
1215 4130 1231 4180 l.
1250 4130 1265 4180 l.

161 4221 234 4270 llaec
260 4216 395 4281 disputavi
419 4218 514 4268 contra
540 4215 634 4278 Reisig.
656 4214 746 4264 Enarr.
766 4213 830 4263 Oed.
850 4213 939 4263 Colon.
964 4207 1073 4277 p.=134;
1104 4211 1150 4262 Od.
1168 4211 1266 4262 Mulier.

163 4303 224 4352 Dor.
239 4298 252 4351 1
271 4314 296 4366 p.
312 4295 370 4349 239.
391 4295 423 4348 cl.
436 4293 462 4357 2,
481 4310 506 4361 p.
521 4293 579 4358 537,
601 4309 716 4361 quorum
733 4295 920 4347 auctoritatem
938 4307 1031 4345 omncs
1051 4294 1158 4360 sequuti
1175 4295 1244 4342 sunt.
