2842 4936
672 352 822 450 *fl-(L

277 520 439 579 Decretum
466 519 521 581 fuit
547 517 776 582 Atheniensium
802 526 873 600 post
894 520 1008 582 linitum
1029 518 1154 594 bellum,
1184 519 1303 600 inquo

194 625 277 687 bello
309 625 361 706 qui
387 627 586 689 Athenienses
613 628 792 691 adiuverunt
819 629 896 698 socii
925 627 1029 690 nescio
1062 627 1113 706 qui
1145 628 1303 703 honorari,

194 735 346 796 Minervae
376 741 475 798 autem
501 736 620 816 Virgini
648 736 746 817 spolia
772 756 849 819 quae
877 737 1025 798 debentur
1052 736 1155 796 voveri
1178 735 1305 816 publice

194 843 343 906 iubentur.
371 845 431 905 lam
450 864 542 926 quum
557 851 685 924 propter
699 844 865 924 scripturae
878 844 1034 920 rationem,
1052 863 1127 924 quae
1141 850 1188 904 est
1200 845 1306 922 prisca

193 951 307 1027 Attica,
337 938 391 1013 led
412 953 514 1015 Ionica
534 953 702 1015 litteratura
721 953 838 1014 iamiam
859 953 1098 1027 increbescente‚
1131 951 1235 1012 titulus
1264 952 1305 1013 ab

194 1059 321 1120 Euclide
346 1062 490 1123 archonte
513 1081 574 1124 non
596 1061 725 1123 multum
744 1063 945 1124 removendus
968 1080 1034 1123 esse
1057 1060 1203 1134 videatur,
1231 1079 1306 1138 pro-

194 1167 295 1230 babile
316 1177 369 1246 est‚
391 1170 429 1229 ad
446 1170 527 1232 bella
540 1169 766 1232 Atheniensium
785 1193 854 1232 cunr
873 1169 1100 1250 Peloponnesiis
1120 1173 1204 1247 gesta
1225 1165 1304 1227 finiti

194 1277 267 1338 belli
292 1277 473 1338 mentionem
502 1279 663 1358 pertinere.
713 1279 747 1340 Iu
769 1278 893 1358 singulis
914 1297 1013 1356 pauca
1033 1275 1151 1338 restitui
1172 1282 1305 1355 possunt

193 1403 291 1466 neque
324 1384 456 1464 singulas
482 1385 613 1463 litteras,
645 1386 726 1447 unde
752 1385 825 1447 nihil
851 1386 931 1446 effici
957 1390 1090 1464 poterat,
1124 1382 1304 1444 minusculis

195 1511 299 1554 omncs
319 1492 474 1573 adscripsi.
513 1495 568 1558 Vs,
590 1495 619 1558 8.
642 1494 742 1554 medio
768 1488 833 1556 TEl
850 1539 858 1554 .
876 1541 883 1556 .
899 1487 998 1554 ΒΙΕΝ
1019 1492 1174 1572 quomodo
1198 1490 1303 1553 distin-

194 1599 315 1680 guenda
336 1601 394 1662 siut
416 1602 534 1677 nescim
564 1602 639 1664 illud
660 1597 687 1663 B
711 1603 793 1683 quod
814 1602 883 1664 Pitt.
902 1603 992 1664 habet
1016 1621 1078 1663 non
1106 1607 1225 1662 certum
1247 1605 1302 1662 est.

193 1709 301 1770 Finem
328 1728 434 1773 versus
462 1712 616 1774 variorum
647 1711 811 1773 sententiae
839 1711 871 1772 in
898 1710 1044 1773 concione
1071 1708 1209 1790 prolatae
1234 1708 1305 1771 affe-

194 1824 315 1891 runtur3
352 1818 461 1880 etenim
488 1839 533 1882 vs.
557 1800 711 1882 111113
739 1818 781 1882 ita
803 1821 866 1882 iere
886 1818 1028 1899 iungendi
1048 1825 1149 1880 erunt:
1178 1817 1194 1880 b
1218 1817 1305 1880 δεῖνα

195 1923 295 1987 εἶπεν·
321 1924 359 1987 τὰ
382 1926 436 2007 μὲν
458 1925 538 1989 ἄλλα
558 1926 697 2010 καθάπερ
719 1926 752 1989 τὸ
771 1927 930 2012 πρότερον,
956 1925 1085 1989 καλέσαι
1106 1925 1141 1986 δὲ
1160 1925 1212 1986 καὶ
1233 1923 1306 1992 τοὺς

196 2033 297 2100 ternae
323 2034 341 2096 i.
363 2054 389 2096 e.
414 2033 531 2114 legatos
557 2036 711 2099 sociorum
738 2032 787 2096 ἐπὶ
812 2032 893 2102 ξένια
917 2035 967 2097 vel
988 2033 1037 2096 ἐπὶ
1061 2034 1182 2095 δεῖπνον
1203 2032 1248 2101 εἰς
1268 2034 1303 2096 τὸ

194 2144 373 2223 πρυτανεῖον
401 2142 451 2204 vel
475 2143 534 2204 tale
559 2141 645 2224 quid,
671 2137 711 2224 τῇ
736 2141 770 2202 δὲ
795 2139 947 2226 Παρθένῳ
967 2141 1159 2226 ἐξαιρεθῆναι
1181 2139 1235 2224 τὴν
1257 2142 1304 2204 δε-

194 2249 288 2331 κάτην
309 2251 369 2311 τῶν
390 2247 547 2332 λαφύρων.
