2842 4936
217 914 253 926 -
275 875 359 958 atah
380 874 507 939 δοθεῖσα
530 923 825 941 ..........
847 901 863 941 ε
880 883 925 966 τῷ
942 879 1081 964 [π]άπττῳ
1100 879 1151 942 καὶ
1168 926 1177 944 .
1196 926 1205 944 .
1222 927 1253 944 ..

217 1028 387 1046 ......
420 1007 528 1068 ιυρειαι
553 986 654 1073 ύιτάρχ
678 1034 686 1050 .
710 1034 718 1051 .
742 1033 750 1049 .
775 1033 783 1049 .
805 1033 814 1049 .
837 1034 846 1050 .
869 1034 878 1051 .
901 1034 910 1051 .
933 1033 972 1050 ..
1004 986 1100 1072 α]ὐτιβ
1124 989 1175 1050 καὶ
1196 992 1260 1058 τοῖς

177 1107 194 1160 5
218 1091 366 1175 ἐκγ[ύνοις
387 1093 451 1175 άε]ί
472 1095 531 1157 εἰσι
554 1098 670 1177 κοιναί,
699 1095 911 1180 ἐπιμελεῖσθαι
934 1095 969 1158 δὲ
984 1092 1152 1180 Ἀρύββου,
1175 1095 1260 1166 ὅπως

217 1200 261 1284 ἂμ
279 1203 372 1286 μηδὲν
396 1203 547 1287 ἀδικῆται,
573 1205 626 1288 τὴν
649 1205 762 1289 βουλὴν
782 1205 835 1289 τὴν
860 1205 957 1286 [ά]ε[ὶ]
979 1204 1188 1290 βουλεύουσαν
1207 1205 1260 1268 καὶ

162 1323 195 1375 10
215 1310 286 1379 τούς
307 1311 516 1395 [σ]τρατῃγοὺς
535 1312 606 1381 τοὺς
626 1313 674 1376 ἀεὶ
694 1318 933 1398 στρατηγοῦντας
952 1313 1004 1376 καὶ
1024 1311 1077 1376 έάν
1096 1335 1139 1381 τις
1158 1312 1260 1382 άλλως

217 1440 277 1480 που
307 1418 481 1506 Ἀθηναίων
511 1421 746 1506 παρατυγχάνῃ·
778 1421 857 1484 εἶναι
877 1422 912 1484 δὲ
934 1420 1019 1508 αὐτῷ
1038 1419 1187 1505 πρύςοδον
1208 1421 1261 1485 καὶ

164 1539 196 1592 15
217 1527 293 1610 πρὸς
312 1530 425 1614 βουλὴν
447 1531 497 1593 καὶ
517 1530 593 1614 πρὸς
612 1531 708 1614 δῆμον
730 1531 802 1594 ὅταν
825 1529 931 1614 δέῃται
947 1528 999 1593 καὶ
1015 1528 1087 1598 τοὺς
1101 1530 1261 1613 πρυτάνεις

219 1635 249 1697 οἳ
266 1635 301 1698 ἂν
318 1639 544 1720 πρυτανεύωσιν
563 1638 775 1722 ἐπιμελεῖσθαι
792 1637 876 1706 ὅπως
889 1635 925 1700 ἂν
940 1635 1091 1722 προτύδου
1109 1638 1259 1722 τυγχάνῃ·

219 1743 392 1830 ἀναγράψαι
423 1747 458 1809 δὲ
484 1746 556 1810 τύδε
578 1747 612 1810 τὸ
636 1747 780 1830 ψήφισμα
800 1746 853 1828 τὸγ
873 1744 1056 1831 γραμματέα
1075 1748 1128 1829 τῆς
1148 1746 1261 1830 βουλῆς

162 1865 195 1918 20
218 1850 248 1913 ἐν
274 1855 369 1937 στήλῃ
401 1855 500 1938 λιθίνῃ
532 1854 584 1917 καὶ
612 1853 790 1915 καταθεῖναι
811 1852 841 1914 ἐν
865 1851 1045 1936 ἀκροπόλει·
1074 1854 1117 1922 εἰς
1140 1855 1175 1918 δὲ
1194 1856 1260 1938 aista

217 1960 396 2046 ἀναγραφὴν
420 1967 473 2046 τῆς
494 1963 605 2045 στήλῃς
626 1959 706 2024 δότω
727 1961 869 2045 ύταμίας
885 1965 939 2024 τοῦ
956 1960 1055 2044 δήμου
1074 1961 1151 2025 Aha
1169 1963 1259 2047 θραχ·

162 2082 196 2135 25
219 2067 277 2152 μὰς
299 2069 333 2132 ἐκ
351 2075 411 2134 τῶν
433 2068 511 2133 κατὰ
530 2069 713 2154 ψηφίσματα
729 2066 936 2154 μεριζομένων
954 2072 999 2154 τῷ
1016 2069 1113 2154 δήμῳ·
1133 2068 1261 2132 καλέσαι

220 2179 254 2240 δὲ
272 2176 427 2264 Ἀρύββαν
452 2178 501 2240 ἐπὶ
521 2177 642 2239 δεῖπνον
663 2178 706 2246 εἰς
723 2179 757 2241 τὸ
778 2179 957 2261 πρυτανεῖον
979 2175 1011 2246 ές
1032 2175 1150 2262 αύριον·
1172 2178 1260 2242 καλέ-

159 2298 194 2352 30
218 2308 270 2348 σαι
285 2287 320 2350 δὲ
335 2287 387 2350 καὶ
403 2284 474 2355 τοὺς
488 2283 549 2370 μετ’
566 2282 747 2372 Ἀρ[ύ]ββου
760 2287 891 2370 ἥκοντας
901 2285 950 2349 ἐπὶ
965 2284 1047 2356 ξένια
1069 2286 1112 2355 εἰς
1131 2288 1166 2350 τὸ
1188 2309 1262 2372 πρυ·

216 2398 335 2456 τανεῖον
357 2393 389 2462 ἐς
407 2392 527 2478 αύριον·
552 2393 787 2478 [χ]ρῃ[ματβσαι
803 2395 837 2458 δὲ
856 2394 991 2480 καὶπερὶ
1011 2398 1071 2456 τῶν
1093 2393 1195 2457 ἄλλων
1219 2395 1261 2456 ὧν

215 2499 371 2586 Ἀρύββας
387 2501 478 2584 λέγει·
497 2499 534 2563 τὰ
551 2501 712 2584 μὲνᾶλλα,
730 2502 869 2586 καθάπερ
885 2526 922 2587 τῃ
943 2504 1043 2587 βουλῃ
1063 2500 1175 2584 [ἔδοΕ]ε
1196 2503 1263 2584 [εβς

164 2623 198 2677 35
215 2607 368 2694 Ἀρύββα[
404 2644 444 2658 -
466 2646 507 2658 -
531 2646 569 2658 -

240 3059 381 3140 Arybbas
403 3063 449 3120 est
465 3079 554 3140 quem
573 3060 665 3140 vulgo
678 3059 842 3142 Arymbam
863 3061 968 3124 dieunt
987 3082 1042 3124 rex
1057 3061 1151 3141 Epiri.
1184 3061 1262 3124 Ean

158 3169 227 3230 dem
253 3188 343 3250 quam
369 3166 473 3230 titulus
494 3176 597 3231 noster
620 3175 721 3231 tuetur
739 3171 869 3232 nominis
887 3172 1014 3232 sormam
1038 3171 1069 3231 in
1087 3171 1263 3232 Pausaniam

155 3299 243 3341 suurn
262 3285 334 3358 post
353 3276 525 3338 Bekkerum
546 3283 726 3355 receperunt
748 3279 859 3340 Sehub.
884 3283 914 3339 et
934 3277 1031 3340 Walz.
1058 3275 1193 3363 Ἀρύβας
1212 3302 1260 3360 ap.

154 3387 232 3448 Plut
247 3386 352 3466 Pyrrh.
371 3388 387 3447 1
410 3381 566 3468 Ἀρύμβας
586 3386 671 3445 Deru.
689 3385 737 3446 Ol.
751 3387 772 3462 1,
791 3386 827 3446 13
844 3385 889 3446 ed.
903 3385 997 3447 Bekk.
1034 3385 1112 3447 Hinc
1133 3389 1261 3450 eundem

155 3496 241 3557 affert
264 3496 411 3574 Harpoer.
438 3511 462 3555 s,
481 3511 510 3555 ν.
548 3493 665 3573 Regum
688 3492 914 3573 Epiroticorum
943 3494 1036 3555 series
1060 3514 1076 3554 e
1097 3495 1260 3558 Plutarcho

156 3611 186 3664 et
202 3602 348 3664 Pausania
363 3608 436 3663 nota
449 3607 502 3663 est.
521 3601 599 3662 Vide
613 3603 762 3682 Droysen.
780 3601 868 3663 Snee.
883 3600 968 3664 Alex.
980 3602 1038 3663 tab.
1047 3602 1097 3667 IV.
1122 3604 1261 3684 Arybbas

156 3713 314 3791 Tirarypae
338 3729 444 3789 nepos
471 3709 595 3770 Alcetae
621 3709 715 3788 filius,
746 3710 820 3773 obiit
847 3708 895 3771 Ol.
917 3711 1002 3789 CIX,
1026 3711 1054 3773 3.
1098 3714 1261 3774 Decretum

156 3820 247 3900 igitur
266 3830 403 3880 nostrum
425 3837 486 3900 quo
507 3817 635 3878 societas
655 3826 743 3900 atque
765 3817 894 3878 amicitia
907 3817 1132 3882 Atheniensium
1150 3821 1187 3882 ab
1203 3841 1260 3882 avo

157 3928 207 4008 (et
229 3927 356 4007 patrei)
394 3927 425 3988 in
457 3926 611 4004 Arybbam
641 3928 818 3986 transfertur
847 3933 898 3986 aut
927 3927 1029 4006 paullo
1058 3937 1126 3989 ante
1154 3935 1204 3989 aut
1230 3930 1261 3990 iu

155 4035 222 4114 ipsa
237 4035 368 4116 Philippi
389 4035 564 4098 Macedouis
586 4041 723 4112 tempora
744 4034 838 4095 cadet.
870 4035 988 4097 Titulus
1004 4038 1095 4098 docet
1107 4038 1261 4116 Arybbam

155 4143 255 4222 ipsum
277 4164 345 4205 cum
368 4145 500 4227 quodam
520 4143 661 4205 comitatu
675 4140 806 4203 Athenas
827 4144 945 4205 venisse
967 4152 1055 4226 atque
1073 4165 1142 4206 eum
1156 4152 1261 4206 senatu

155 4251 269 4331 egisse;
305 4260 441 4314 senatum
468 4251 507 4313 ad
533 4251 681 4332 populum
703 4250 854 4329 retulisse,
882 4253 968 4315 cuius
994 4253 1166 4333 psephisma
1191 4253 1261 4315 huie

154 4358 248 4442 lapidi
270 4361 397 4424 incisum
415 4361 568 4423 habemus.
