2842 4936
199 527 269 569 num
289 509 361 570 deae
379 509 471 570 sitan
490 509 624 570 mulieris
641 529 759 570 nomen.
798 511 879 571 llaec
902 509 939 570 de
959 510 1131 572 nominibus
1155 512 1310 575 femininis

201 615 232 676 ἐν
255 615 407 700 παρέργῳ.

283 728 398 787 Versus
428 727 578 788 secundus
605 746 644 787 ex
672 745 777 787 eorum
805 745 915 805 genere
937 735 997 801 est,
1026 729 1078 810 qui
1100 729 1165 791 basi
1188 736 1311 791 statuae

198 834 247 894 vel
277 834 357 914 pilae
384 835 520 914 inscripti
550 834 682 894 indicent
713 835 798 896 basin
827 842 917 915 atque
943 857 1021 915 opus
1050 837 1225 917 impositum
1255 844 1311 899 aut

199 945 334 1005 diversae
355 943 495 1004 materiae
518 963 585 1004 esse
607 948 658 1003 ant
680 943 820 1006 eiusdem
865 944 911 1006 Cf.
933 946 1049 1007 Βὸσλλ.
1071 945 1105 1008 C.
1124 949 1145 1008 l.
1169 949 1257 1008 Tom.
1281 950 1309 1023 1,

198 1074 227 1135 p.
254 1056 326 1116 950.
376 1053 496 1131 Duplex
530 1053 607 1112 enim
640 1052 798 1132 cipporum
831 1055 992 1134 (στηλῶν)
1022 1055 1053 1114 in
1082 1055 1183 1116 Attica
1211 1075 1310 1135 genus

199 1164 368 1224 etiamnunc
397 1161 561 1240 reperitur3
600 1183 729 1243 quornm
758 1161 904 1224 vetustior
931 1162 1008 1223 ratio
1037 1183 1073 1223 ea
1099 1173 1163 1237 est,
1192 1170 1228 1224 ut
1255 1184 1310 1225 co⁴

197 1272 298 1333 lumna
319 1271 463 1350 quadrata
481 1269 574 1349 lapidi
590 1271 689 1331 latiori
709 1278 798 1353 atque
816 1271 958 1332 crassiori
977 1270 1121 1333 innitatur
1138 1251 1309 1354 codemque

199 1379 397 1450 suffulciatur3
430 1379 481 1457 qui
503 1379 580 1459 lapis
605 1380 653 1459 (τὸ
678 1377 806 1462 σφέλας)
831 1399 960 1459 superne
982 1379 1093 1440 incisus
1116 1389 1170 1456 est,
1197 1389 1232 1442 ut
1252 1381 1309 1442 im-

198 1488 316 1568 positae
349 1486 527 1549 columellae
558 1489 666 1568 pedem
700 1489 837 1568 excipiat.
888 1488 1044 1549 Eiusmodi
1076 1486 1193 1567 lapides
1224 1489 1309 1551 circa

198 1597 331 1659 tumidos
350 1596 467 1657 Atticae
488 1597 710 1678 antiquissimos
726 1599 867 1676 Hymetto
886 1597 981 1658 monti
1002 1596 1039 1657 ab
1058 1595 1224 1658 occidente·
1236 1597 1306 1670 sul>

197 1705 294 1767 iectos
316 1704 440 1785 plurimi
461 1705 558 1767 iacent
576 1706 703 1786 perditis
725 1706 904 1780 columellis,
931 1726 1057 1788 quarum
1077 1705 1199 1782 multae,
1227 1705 1308 1769 sicut

196 1817 271 1877 haec
299 1835 375 1896 quae
401 1822 507 1876 nostro
536 1814 629 1895 lapidi
656 1815 787 1876 immissa
810 1821 890 1891 erat,
919 1825 1047 1893 possunt
1068 1814 1177 1876 fictiles
1201 1814 1306 1878 fuisse.

196 1927 231 1987 ln
252 1925 359 1988 iisdem
386 1922 555 1984 columellis
579 1925 691 1985 mortui
721 1924 836 2002 effigies
864 1930 917 1984 ant
938 1923 1058 2002 sculpta
1079 1931 1132 1984 aut
1153 1924 1236 2003 picta
1254 1931 1308 1985 aut

196 2038 326 2115 utroque
347 2033 474 2100 artificio
495 2031 656 2093 coniuncto
670 2022 893 2112 repraesentata
911 2032 1042 2111 spectari
1058 2032 1184 2094 solebat.
1217 2032 1307 2093 Eius-

197 2141 266 2202 dem
287 2141 406 2220 generis
429 2147 475 2202 est
495 2140 575 2202 basis
600 2140 653 2201 illa
677 2161 746 2201 cnm
772 2140 969 2220 inscriptione
992 2136 1133 2207 Ἔνδοιος
1161 2138 1305 2221 ἐποίησεν

196 2250 264 2311 edd.
284 2251 373 2310 Ross.
403 2248 590 2326 (Kunstblatt
615 2250 704 2312 1835.
734 2268 762 2309 n.
789 2250 844 2327 31)
879 2253 909 2309 et
937 2249 1053 2314 sehon.
1086 2248 1306 2330 (Arclraeolog.

196 2356 332 2419 lllittheil.
359 2378 389 2436 p.
411 2357 485 2437 30);
518 2355 679 2417 Aristionis
701 2363 799 2418 autem
820 2362 850 2417 et
871 2359 987 2436 Lyseae
1008 2359 1105 2438 cippi,
1131 2359 1306 2439 anaglypho

196 2467 246 2527 ille
266 2476 296 2527 et
313 2468 441 2546 pictura,
461 2466 510 2527 hic
525 2465 643 2545 pictura
658 2465 725 2527 sola
740 2466 872 2545 insignes
891 2467 943 2540 (cf.
957 2467 1074 2528 sehon.
1087 2467 1107 2528 l.
1119 2466 1139 2527 l.
1157 2487 1186 2546 p.
1198 2468 1240 2528 98
1247 2471 1305 2548 sq.)

196 2596 263 2637 cum
277 2575 343 2636 basi
360 2596 397 2636 ex
412 2596 473 2637 uno
490 2576 592 2656 lapide
607 2575 754 2655 exsculpti
769 2575 833 2637 sive
847 2573 1005 2657 μονόλιθοι
1018 2582 1097 2650 sunt,
1116 2576 1192 2636 sicut
1206 2582 1306 2636 statua

195 2685 247 2747 illa
260 2685 366 2760 Naxia,
387 2685 472 2746 cuius
489 2687 638 2747 senarium
654 2685 854 2764 subscriptum
871 2685 902 2744 iu
917 2683 1056 2762 Corpore
1072 2683 1305 2763 lrrscriptionum

197 2798 239 2875 (n.
264 2797 315 2873 10)
346 2793 488 2856 invenies
533 2794 651 2874 Quodsi
680 2800 761 2854 recte
788 2793 868 2853 huno
889 2791 1008 2853 titulum
1029 2791 1178 2866 intellexi,
1207 2791 1304 2874 στήλη

196 2902 333 2976 subiecti,
354 2898 489 2981 κέραμος
509 2901 672 2980 praedicati
693 2901 795 2962 locum
813 2901 910 2976 habet,
933 2900 1019 2981 quasi
1040 2899 1185 2979 scriptum
1209 2907 1303 2962 esset:

195 3010 215 3091 ή
239 3009 332 3090 στήλη
355 3005 418 3067 ἐστὶ
437 3007 608 3090 upapam.
651 3013 736 3090 Quae
757 3008 917 3088 explicatio
937 3009 1032 3071 sicui
1054 3008 1141 3070 nimis
1164 3010 1240 3070 dura
1260 3010 1304 3071 vi-

196 3119 293 3192 detur,
312 3118 387 3178 hanc
410 3117 537 3180 fortasse
559 3118 704 3180 rationem
724 3118 952 3198 praeferendam
970 3118 1095 3198 putabit,
1116 3123 1149 3178 ut
1169 3115 1305 3199 κέραμος

198 3228 291 3310 στήλη
321 3247 377 3308 per
402 3227 569 3306 asyndeton
591 3228 817 3309 interpretetur:
853 3227 948 3288 Eniali
969 3228 1021 3307 Sp.
1044 3227 1120 3288 tiliae
1146 3247 1221 3288 urna
1243 3228 1303 3306 (ct)

196 3339 303 3418 cippus
327 3337 389 3416 (lric
408 3340 500 3416 sunt).
