2842 4936
711 343 859 438 ,ιε-

233 515 264 573 ἰιι
285 532 345 593 qno
366 512 478 592 templo
494 513 628 592 priscum
641 511 809 592 iustumque
824 530 924 572 rerum
938 510 1073 572 ordinem
1089 508 1180 591 aliqui
1197 509 1345 569 videntur

233 620 426 701 perturbasse
455 627 544 700 atque
566 621 597 679 in
618 620 683 699 ipsa
704 619 780 681 cella
801 619 940 699 posuisse
962 639 1037 701 quac
1058 616 1207 677 hocloco
1230 637 1345 695 parum

233 730 322 808 digna
349 749 415 790 esse
444 728 630 789 videbantur.
676 731 778 811 ltaque
806 734 960 788 curatores
989 726 1116 787 fortasse
1143 723 1249 803 templi
1280 726 1345 784 hoc

234 840 358 899 decreto
382 837 481 899 omnia
503 836 533 895 in
555 835 703 914 integrum
721 835 879 897 restituere
899 834 1054 906 iubentur3
1077 851 1199 893 eversu
1218 833 1344 893 decimo

232 947 310 1006 enim
331 947 375 1007 sic
396 947 459 1006 fere
478 943 638 1023 legendum
660 949 750 1022 puto:
781 943 831 1003 καὶ
851 943 894 1009 εἰς
913 941 963 1002 τὸν
987 941 1092 1002 λοιπὸν
1116 938 1226 1022 χρόνον
1247 961 1342 1000 κατα-

232 1051 347 1114 τιθέναι
370 1053 418 1112 vel
442 1049 616 1112 ἀνατιθέναι
639 1049 734 1131 μηθὲν
760 1049 790 1111 ἐν
814 1054 858 1135 τῷ
880 1053 945 1134 ναῷ
970 1049 1030 1127 (vel
1052 1049 1148 1130 ἱερῷ),
1175 1044 1238 1108 ἀλλ’
1261 1046 1344 1108 εἶναι

230 1161 329 1222 πάντα
353 1157 491 1239 καθάπερ
520 1157 681 1240 (ἔνθαπερ)
712 1156 743 1226 ἐΕ
771 1157 868 1240 ἀρχῇς
897 1157 1041 1239 ὑπῆρχεν.
1088 1156 1143 1217 llla
1162 1175 1237 1216 vero
1261 1176 1343 1236 (puae

232 1267 339 1335 ἀνάξια
360 1268 414 1327 τοῦ
436 1265 519 1347 ἱεροῦ
541 1267 689 1344 dicuntur,
709 1267 782 1327 nihil
802 1265 883 1327 aliud
902 1266 995 1326 fuisse
1013 1264 1161 1340 videntur,
1182 1285 1273 1345 quani
1289 1265 1343 1346 qni

230 1396 321 1437 versu
348 1379 455 1435 octavo
477 1373 564 1434 unius
586 1374 704 1436 litterae
724 1372 832 1433 menda
853 1372 1010 1433 deformati
1032 1372 1172 1452 leguntur
1194 1373 1343 1434 εἰκανικοὶ

231 1484 363 1556 πίνακες,
381 1481 506 1543 tabellae
525 1483 665 1562 suspicor
685 1479 749 1541 eius
769 1481 887 1560 generis
906 1481 1009 1563 quales
1023 1480 1162 1542 Tibullus
1178 1481 1208 1541 in
1224 1482 1342 1562 templo

230 1591 316 1652 Isidis
343 1597 490 1651 memorat
520 1590 581 1668 (lib.
601 1593 622 1667 l,
645 1591 680 1667 3,
703 1589 772 1670 98)3
811 1588 857 1651 Cl.
881 1591 968 1651 Paus,
987 1591 1024 1666 V,
1049 1591 1096 1665 16,
1120 1590 1148 1650 2.
1178 1588 1346 1679 ἀναθεῖναί

231 1719 329 1781 σφισιν
349 1695 412 1759 ἔστι
428 1696 638 1780 γεγραμμένας
657 1695 775 1764 εἰκόνας
797 1703 826 1758 et
846 1698 884 1758 de
899 1704 965 1760 toto
983 1698 1043 1758 hoc
1059 1716 1169 1777 genere
1186 1699 1342 1760 Latronn.

229 1807 402 1886 Appeodicc
413 1827 480 1866 aaa
495 1808 597 1868 lettres
613 1805 688 1867 ιῖιινι
703 1805 888 1886 Antiquom
900 1813 956 1870 etc.
974 1826 1041 1886 pag.
1055 1808 1123 1869 107.
1153 1811 1238 1886 Quae
1255 1807 1343 1867 tabu-

228 1913 276 1975 lae
299 1899 367 1976 cuin
390 1915 456 1976 aliis
480 1917 571 1977 rebus
596 1915 694 1994 (plura
712 1916 790 1976 euim
812 1925 846 1977 ut
869 1915 975 1984 ἀνάξια
996 1917 1050 1975 τοῦ
1074 1913 1157 1996 ἱεροῦ
1177 1913 1343 1992 significari

229 2022 378 2099 vidcntur)
400 2023 432 2083 iu
453 2025 586 2084 eiusdem
608 2023 712 2102 templi
730 2025 879 2085 exteriore
895 2031 946 2085 aut
961 2024 991 2083 in
1006 2023 1063 2083 alia
1078 2023 1204 2104 quadam
1217 2024 1343 2101 porticu

230 2130 425 2192 collocandae
441 2139 510 2193 snut
528 2138 582 2211 (vs.
595 2135 623 2194 9.
642 2134 782 2193 l'ortassc:
803 2128 962 2210 ΣΤΗΣΑ]Ι
978 2129 1088 2195 αὐτοὺς
1103 2129 1145 2195 εἰς
1155 2129 1208 2210 τὴν
1224 2133 1341 2208 στοάν).

231 2237 321 2298 Plura
343 2257 381 2299 ex
404 2241 462 2300 hoc
485 2241 650 2318 fragmento
675 2239 784 2298 elicere
804 2257 866 2297 non
884 2236 989 2313 ausim,
1015 2257 1106 2318 quum
1128 2256 1204 2318 quae
1226 2239 1341 2303 elicere

230 2345 331 2407 studui
353 2365 459 2407 verear
478 2355 511 2408 ut
532 2346 670 2408 omnibns
689 2346 819 2425 probare
838 2344 960 2423 possim.

310 2452 425 2516 Aetatis
440 2455 582 2517 indicium
596 2453 700 2535 paullo
716 2453 893 2528 accuratius,
913 2473 1002 2534 quam
1020 2454 1103 2536 quod
1118 2474 1155 2515 ex
1172 2453 1342 2517 litteratura

229 2563 471 2642 lonicapctitu1·,
499 2566 584 2626 adest
604 2562 728 2625 nullum.
771 2561 957 2640 Scripturam
982 2559 1072 2622 οὐθὲν
1095 2563 1235 2623 exhibent
1260 2564 1342 2625 tituli

232 2673 405 2733 Piraeenses
427 2674 548 2736 navales
567 2695 585 2734 a
603 2671 740 2733 Boethio
763 2670 834 2731 editi
854 2671 867 2730 l
885 2676 915 2729 et
932 2672 966 2746 ll,
988 2691 1117 2752 quornm
1136 2672 1212 2732 alter
1233 2671 1340 2750 Olym-

232 2781 319 2858 piade
337 2782 394 2841 101
413 2800 474 2841 non
493 2787 594 2860 potest
610 2779 761 2839 recentior
775 2797 850 2838 esse.
880 2782 981 2858 Quare
998 2778 1086 2839 etiam
1104 2779 1199 2860 μηθὲν
1219 2783 1274 2856 (vs
1287 2783 1339 2856 11)

232 2887 337 2946 eadem
365 2893 460 2947 aetate
488 2888 537 2947 vel
563 2886 644 2964 apud
670 2885 789 2946 Atticos
819 2904 881 2946 nou
909 2886 1081 2949 inusitatum
1110 2888 1201 2948 fnisse
1228 2889 1339 2967 proba-

235 2993 294 3054 bile
316 2999 372 3055 ost.
