2842 4936
650 1406 715 1475 Tn.
743 1405 764 1472 l.

456 1541 610 1619 (Ἐφημερὶς
628 1545 813 1618 ἀρχαιολογικὴ
830 1540 887 1616 Ἀρ.
905 1541 979 1607 369.)-

629 1700 780 1713 ‘—

259 1817 375 1868 Marmor
390 1817 552 1866 Pentelicum
569 1829 631 1866 curn
648 1819 787 1877 aetomate,
809 1815 870 1865 olim
887 1816 913 1864 in
930 1815 1008 1864 horto
1025 1816 1068 1879 qui
1086 1827 1108 1864 c.
1123 1815 1180 1864 VIII
1198 1817 1258 1866 sta-

227 1898 271 1948 dia
288 1897 396 1948 Athenis
421 1898 504 1947 distat
522 1911 606 1960 prope
627 1899 697 1946 viam
718 1897 909 1946 Acharnanam.
945 1896 1056 1943 Hortum
1074 1897 1119 1958 qui
1138 1896 1260 1958 possidet

225 1979 414 2029 Constantinus
430 1973 585 2046 Βλνχοΰτζη
605 1979 632 2026 in
648 1981 729 2041 puteo
746 1978 782 2025 aii
799 1977 914 2039 lapidem
930 1979 1067 2039 repertum
1085 1988 1152 2026 esse.
1182 1977 1259 2026 Eun-

224 2062 287 2110 dem
306 2060 360 2107 vidi
384 2072 454 2107 anno
476 2054 542 2107 1840
566 2073 648 2123 quum
669 2061 841 2106 monumenta
861 2059 1038 2121 antiantatis,
1064 2070 1133 2121 quae
1152 2057 1258 2108 Pittacis

224 2142 296 2193 dorni
314 2153 379 2190 suae
397 2141 530 2200 adservat,
550 2141 756 2202 perlustrarem;
778 2139 826 2189 sed
842 2153 895 2188 non
910 2140 985 2188 licuit
999 2139 1048 2188 nisi
1061 2138 1166 2198 videre;
1188 2139 1258 2189 unde

222 2223 316 2273 notitia
335 2222 467 2284 quaedam
487 2221 581 2284 lapidis
606 2235 692 2285 enque
711 2234 807 2284 parum
827 2224 951 2270 accurata
974 2233 1005 2269 ex
1025 2220 1118 2270 litteris
1138 2221 1205 2270 meis
1225 2221 1259 2270 ad

223 2304 380 2354 Guilelmum
399 2300 510 2353 Abeiren
531 2303 600 2352 datis
621 2303 648 2351 in
669 2303 764 2352 diurna
784 2302 983 2365 archaeologica
1003 2303 1121 2351 Romana
1148 2302 1259 2363 (Bullat-

222 2387 278 2436 tino
298 2384 355 2435 deII'
371 2385 495 2434 lnstiIuto
514 2383 540 2433 di
560 2384 632 2434 Corr.
651 2384 727 2434 Arch.
748 2379 814 2433 1840
834 2396 891 2447 pag.
911 2379 953 2446 68)
973 2384 1082 2434 transiit.

532 2522 630 2574 {aerium
647 2523 696 2567 vida
715 2525 738 2567 in
758 2537 806 2583 pag.
824 2523 880 2583 serp]

156 2601 368 2730 Adnotatu
385 2666 504 2728 critica.
538 2666 656 2728 Titulus
673 2685 850 2749 quamquam
868 2685 931 2727 non
948 2665 1108 2748 στοιχηδὸν
1129 2665 1259 2749 scriptus

157 2782 203 2838 est
222 2794 259 2836 eo
278 2781 377 2836 tamen
395 2773 499 2834 ordine
517 2774 606 2836 habet
619 2774 733 2836 litteras
747 2774 916 2855 dispositae,
936 2781 970 2836 nt
986 2773 1181 2855 quadraginta
1197 2775 1259 2837 sere

156 2883 265 2963 singuli
286 2901 391 2943 versus
413 2882 541 2942 habeant
564 2883 717 2946 elementa.
756 2884 790 2945 ln
812 2883 912 2944 tabula
933 2882 1150 2962 litlrograplrica
1171 2904 1260 2965 quam

154 2991 353 3054 Athenienses
368 2991 554 3067 addiderunt,
575 2997 645 3070 post
661 2988 801 3073 Βατῆθεν
820 2999 935 3072 etpost
953 2990 1056 3072 ἐπειδὴ
1076 2991 1126 3053 lin.
1144 2995 1169 3068 l,
1189 3000 1260 3072 post

158 3098 262 3183 ἅρχων
284 3101 334 3162 lin.
354 3101 382 3162 9.
404 3097 475 3160 bina
494 3107 606 3178 puncta
626 3101 715 3161 video
738 3120 888 3180 expressa,
914 3119 989 3181 quae
1011 3099 1211 3180 interpunctio
1234 3101 1260 3163 si

155 3209 186 3269 in
207 3208 307 3289 lapide
330 3213 376 3269 est
398 3208 550 3290 quomodo
574 3208 750 3288 explicanda
771 3208 816 3284 sit,
838 3227 900 3268 non
921 3211 1011 3286 patet.

239 3319 355 3378 Versus
378 3317 550 3396 superiores
573 3324 702 3398 quatuor
726 3321 840 3375 tanturn
861 3334 923 3375 non
947 3315 1055 3394 integri
1076 3323 1157 3389 sunt;
1187 3318 1260 3379 inle-

155 3426 270 3487 riorum
282 3426 344 3487 lere
356 3426 487 3487 omnium
501 3423 571 3505 plus
584 3423 705 3484 dimidio
716 3443 733 3484 a
745 3423 864 3486 sinistra
879 3423 970 3500 deest,
985 3423 1035 3505 qui
1048 3431 1130 3487 certa
1144 3427 1259 3488 ratione

155 3553 219 3595 non
239 3541 382 3614 poterunt
402 3552 506 3596 omnes
528 3531 659 3604 restitui;
685 3531 796 3594 slmiles
818 3532 896 3594 enim
918 3531 997 3594 unde
1019 3531 1160 3595 auxilium
1178 3541 1260 3615 peta-

155 3661 222 3704 mus
242 3643 320 3704 tituli
339 3642 454 3704 desunt.

155 3770 198 3812 vs.
220 3754 248 3814 5.
268 3752 335 3813 Pitt.
365 3751 416 3812 καὶ
444 3753 497 3832 τῆς
525 3746 708 3831 ἀρτννομίας
737 3756 897 3832 postquam
920 3750 1077 3830 superiore
1098 3769 1190 3812 versu
1217 3751 1260 3811 in-

219 3866 308 3921 eunte
328 3858 436 3926 θυσίας
456 3857 589 3937 scripsit;
621 3857 675 3918 sed
695 3857 747 3918 illa
764 3859 892 3938 spatium
912 3879 975 3920 non
997 3859 1084 3939 capit.

156 3986 199 4029 vs.
222 3970 250 4029 7.
273 3966 331 4029 ἀνὰ
353 3965 478 4029 ἕκαστον
501 3963 593 4046 {hiup
616 3967 683 4028 Pitt.
713 3986 789 4048 quae
809 3987 871 4029 non
893 3968 1021 4048 placent,
1049 3989 1141 4051 quum
1162 3987 1260 4048 neque

222 4073 338 4136 Graece
366 4074 418 4137 illa
445 4074 525 4136 dIcta
553 4074 612 4136 sint
639 4094 736 4157 neque
762 4082 871 4138 tantam
899 4097 1043 4139 summanr
1069 4077 1193 4155 singuliS
1222 4076 1262 4136 ad

223 4183 379 4246 emendum
397 4184 499 4246 vinum
521 4183 618 4245 datam
637 4205 703 4247 esse
724 4183 899 4248 ullomodo
920 4185 1077 4267 probabile
1102 4184 1148 4246 sit.
1186 4183 1262 4245 illal-

222 4289 283 4352 lem
309 4288 368 4355 ἀνὰ
388 4290 506 4376 ἡμέραν
531 4291 658 4376 ἑκάστην
680 4313 769 4357 uuam
790 4293 919 4358 litteram
938 4293 968 4356 in
987 4292 1087 4373 lapide
1107 4296 1249 4378 mutans.v

1043 4406 1058 4464 1
