2842 4936
681 378 718 430 Vl

627 459 775 468 ..α-...-

152 553 357 654 antiquitatis
380 553 501 629 studiis
524 554 665 644 nostris,
691 553 726 628 in
751 556 876 652 quihus
901 579 1008 652 saepe
1032 578 1103 628 non
1127 579 1257 650 possu-

150 715 228 764 mus
244 687 326 786 quin
345 713 435 786 quae
453 686 650 761 sexcenties
668 699 810 763 tractata
828 700 914 777 sunt,
931 690 1052 761 *denuo
1069 690 1142 760 fere
1162 685 1258 762 inviti

150 832 383 908 retractemus,
404 818 461 893 illa
483 843 531 894 ex
553 818 758 895 inexhausto
780 817 921 894 archivo
940 816 1080 915 lapideo
1099 829 1256 893 veterum

150 951 395 1049 manuscripto
413 975 526 1026 novos
544 956 656 1025 fontes
671 949 816 1048 aperire,
834 976 926 1026 nova
940 948 1098 1024 subsidia
1114 952 1255 1038 addere,

151 1110 278 1160 novam
310 1080 460 1178 denique
494 1093 596 1178 atque
628 1081 836 1180 inopinatam
869 1087 982 1156 lucem
1015 1085 1152 1156 adferre
1185 1106 1256 1156 non

153 1214 287 1290 desinit.
313 1256 358 1267 —
385 1212 451 1287 Ubi
477 1225 511 1286 et
531 1217 670 1308 quando
690 1213 776 1288 tituli
797 1212 924 1311 reperti
949 1211 1025 1303 sint,
1053 1212 1088 1287 in
1113 1210 1254 1310 singulis

151 1344 267 1421 notavi
292 1342 434 1418 editoris
459 1342 557 1418 Attici
587 1349 692 1419 fidem
717 1358 899 1442 sequutus,
930 1344 1010 1420 licet
1033 1369 1102 1419 non
1125 1343 1255 1441 ubique

79 1546 82 1553 .
152 1489 281 1552 certam
303 1487 407 1571 atque
430 1488 624 1550 accuratam
650 1475 731 1571 (vid.
754 1482 880 1551 lemma
904 1481 951 1552 ad
974 1476 1106 1550 titulum
1127 1480 1200 1550 Vlll
1221 1487 1257 1550 et

152 1611 276 1683 Schoh.
304 1609 402 1681 Arch.
427 1605 530 1680 Mitth.
558 1633 590 1703 p.
617 1605 694 1702 19);
731 1633 801 1704 quo
825 1607 935 1706 magis
958 1610 1180 1706 gaudendum
1204 1619 1258 1681 est

151 1739 187 1816 in
215 1737 300 1837 ipsis
327 1738 534 1835 apographis
558 1736 675 1812 Atticis
701 1738 867 1814 faciendis
895 1744 1001 1815 fidem
1025 1752 1129 1837 atque
1153 1737 1257 1813 indu-

151 1870 269 1948 striam
294 1868 388 1946 cerni
412 1882 606 1946 accuratam
630 1883 734 1968 atque
759 1871 983 1958 laudabilem3
1012 1877 1105 1946 unde
1129 1876 1258 1946 factum

152 2016 221 2094 est,
256 2014 293 2078 ut
322 2001 518 2100 ubicunque
548 2029 663 2099 neque
687 2002 832 2078 aliorum
859 2031 975 2101 neque
1001 2003 1089 2078 meis
1116 2002 1256 2078 schedis

152 2133 359 2223 adiuvabar‚
398 2138 492 2208 haud
523 2146 719 2209 cunctanter
751 2140 862 2208 solam
894 2133 987 2209 illam
1020 2135 1257 2211 auctoritatem

153 2265 298 2342 Atticam
315 2291 494 2362 sequerer,
515 2268 722 2362 tabulasque
744 2264 1008 2362 lithographicas
1029 2293 1132 2364 quam
1151 2293 1256 2342 accu-

151 2396 323 2475 ratissime
354 2396 389 2472 in
419 2396 511 2494 ligno
543 2400 753 2494 repetendas
779 2423 944 2472 curarem.
987 2403 1024 2472 ln
1047 2424 1256 2495 repraesen-

151 2530 265 2607 tandis
298 2542 413 2606 autem
444 2527 547 2603 titulis
575 2528 612 2603 id
641 2528 809 2626 spectavi,
841 2542 879 2604 ut
903 2555 993 2627 quae
1019 2544 1115 2604 esset
1135 2529 1256 2606 unius-

152 2663 320 2762 cuiusque
355 2660 480 2760 lapidis
510 2660 596 2737 ratio
631 2675 733 2759 atque
765 2675 900 2752 natura,
934 2661 1126 2761 legentibus
1157 2662 1257 2761 quasi

152 2794 219 2894 ipsi
243 2794 379 2891 lapides
406 2792 615 2888 inspicerent
638 2808 717 2866 ante
741 2799 861 2868 oculos
886 2808 1081 2891 poneretur.

260 2927 363 3012 Quod
388 2935 502 2997 autem
528 2922 615 3013 Tibi,
645 2929 877 3016 MEINEKI,
908 2927 1030 3003 natalis
1053 2927 1256 3003 memoriam

153 3053 340 3134 celebranti
364 3059 426 3130 has
449 3057 634 3131 schedulas
657 3055 779 3148 obtuli,
807 3055 844 3132 id
864 3085 934 3136 non
959 3059 1026 3135 leci
1050 3072 1087 3134 ut
1108 3059 1256 3135 nominis

152 3188 214 3265 Tui
235 3191 421 3287 splendore
439 3215 558 3264 earum
573 3188 772 3265 tenuitatem
790 3215 999 3266 exornarem
1018 3217 1132 3288 neque
1151 3197 1256 3267 ullam

153 3320 254 3398 aham
278 3335 420 3419 propter
444 3347 604 3396 caussam
628 3321 693 3396 nisi
719 3336 756 3397 ut
779 3348 895 3397 meum
921 3349 1005 3421 ergo
1031 3329 1078 3398 Te
1103 3350 1256 3399 amorem

153 3452 269 3552 aliquo
301 3457 408 3527 modo
441 3451 644 3527 testificarer
665 3453 807 3551 Tibique
832 3453 1000 3547 dicerem,
1034 3470 1198 3554 quantum
1223 3469 1258 3530 et

153 3583 360 3661 suavissima
383 3590 454 3659 Tua
475 3582 648 3660 vicinitate
677 3590 868 3683 gauderem
897 3599 932 3662 et
955 3587 1162 3663 humanitate
1187 3592 1257 3661 Tua

153 3715 316 3815 erigerer,
343 3742 412 3814 qua
439 3729 474 3791 et
496 3744 553 3792 me
578 3729 613 3793 et
636 3716 751 3794 studia
773 3744 852 3795 mea
872 3718 1099 3816 amplecteris.
1146 3723 1256 3791 Deum

155 3862 269 3924 autem
293 3874 451 3940 veneror,
476 3863 514 3924 ut
534 3848 720 3927 iuvenilem
744 3876 815 3949 quo
839 3856 952 3948 polles
977 3849 1080 3927 animi
1100 3847 1256 3946 vigorem

154 4007 258 4078 quam
283 3978 475 4057 diutissime
501 3981 574 4059 Tibi
599 3991 716 4062 seruet
739 3981 955 4060 incolumem.
1004 3986 1103 4057 Vale!
