2842 4936
156 1585 369 1741 Postquam
388 1642 565 1718 Graeciam
588 1641 720 1738 reliqui,
746 1667 814 1717 non
839 1641 937 1716 aliter
962 1653 1061 1715 extra
1085 1641 1262 1718 Graeciam

157 1773 344 1850 vivendum
359 1799 439 1848 esse
454 1773 616 1864 intellexi,
630 1799 733 1871 quam
748 1787 785 1847 ul
798 1772 832 1848 in
843 1770 988 1870 patriam
1001 1776 1113 1847 redux
1122 1773 1262 1849 Athenis

157 1904 311 1979 habitare
331 1930 522 2002 pergerem.
567 1910 685 2001 ltaque
710 1928 779 1977 non
800 1909 912 1977 solnm
937 1908 982 1978 ad
1002 1905 1263 2002 topographiam

155 2039 322 2111 Graecam
351 2051 513 2133 artesque
541 2042 691 2112 Graecas
719 2034 832 2110 studia
856 2061 935 2110 mea
965 2035 1150 2133 praecipue
1178 2064 1262 2112 con-

156 2166 253 2257 verti,
282 2181 377 2242 utet
401 2172 561 2244 docendo
584 2181 618 2242 et
643 2167 827 2243 scribendo
853 2167 887 2241 in
908 2166 1086 2243 Graeciam
1108 2168 1262 2266 quotidie

156 2299 282 2390 redire,
308 2300 439 2375 etiamsi
462 2307 600 2392 nollem,
627 2304 808 2387 deberem;
837 2305 903 2375 sed
928 2313 1148 2376 monumenta
1171 2327 1262 2400 quo-

158 2457 226 2527 que
246 2430 451 2529 antiquitatis
468 2445 637 2530 quotquot
651 2445 731 2529 post
750 2431 944 2511 discessum
962 2457 1078 2507 meum
1096 2431 1262 2508 fodiendo

158 2574 255 2635 eruta
279 2575 365 2652 sunt,
387 2563 567 2660 diligenter
588 2563 703 2638 omnia
727 2562 890 2660 colligere
915 2575 1018 2659 atque
1041 2563 1140 2660 quasi
1158 2590 1263 2662 prae-

160 2717 241 2766 sens
276 2718 490 2790 cognoscere
521 2693 645 2769 studui.
701 2692 758 2768 Sic
785 2699 1005 2783 factumest,
1039 2707 1074 2768 ut
1099 2722 1204 2791 quum
1229 2695 1263 2772 in

160 2829 266 2900 multa
288 2823 507 2900 Atheniensia
531 2823 746 2916 incidissem,
781 2851 871 2923 quae
894 2849 965 2900 non
987 2829 1078 2900 hene
1105 2853 1124 2900 a
1149 2826 1263 2924 philo-

158 2955 246 3053 logis
270 2955 419 3053 ignorari
440 2956 521 3031 mihi
540 2956 748 3048 viderentur,
773 2983 843 3033 non
861 2956 1030 3055 ingratum
1047 2956 1130 3033 viris
1152 2958 1263 3035 doctis

158 3113 215 3161 me
246 3093 412 3163 facturum
445 3114 526 3163 esse
557 3088 749 3179 arbitrarer,
782 3089 813 3163 si
839 3102 1061 3164 monumenta
1091 3093 1263 3187 quaedam

158 3218 297 3316 lapidea
328 3245 348 3294 e
380 3219 528 3295 latibulis
563 3218 795 3317 ephemeridis
827 3218 957 3293 Atticae
992 3225 1197 3319 deprompta
1229 3222 1264 3298 in

157 3353 246 3426 hanc
271 3376 488 3427 communem
515 3352 702 3427 litterarum
727 3356 840 3426 lucem
865 3354 1016 3425 ederem.
1065 3356 1139 3440 Qua
1166 3353 1200 3429 in
1224 3380 1263 3430 re

158 3508 228 3557 non
251 3481 288 3556 id
311 3481 381 3580 egi,
412 3496 450 3557 ut
479 3482 562 3558 nihil
592 3486 735 3559 ederem
759 3481 825 3558 nisi
849 3486 945 3581 quod
973 3487 1017 3559 ab
1048 3484 1141 3560 omni
1165 3499 1262 3583 parte

158 3613 373 3690 intellexisse
403 3613 485 3689 mihi
514 3611 663 3706 viderer,
696 3614 801 3692 immo
833 3614 1006 3691 eiusmodi
1036 3615 1150 3691 titulos
1178 3644 1262 3715 prae

160 3746 285 3821 ceteris
318 3750 476 3822 edendos
511 3745 643 3838 curavi,
680 3746 739 3846 qui
771 3775 876 3846 quum
907 3774 1034 3825 novam
1066 3748 1262 3847 disputandi

159 3877 338 3954 materiam
366 3877 549 3978 philologis
574 3883 750 3970 offerrent,
782 3906 826 3956 eo
853 3894 888 3956 et
911 3879 1119 3956 difficiliores
1145 3894 1263 3955 essent

162 4011 208 4082 ad
231 4009 490 4109 intelligendum
515 4024 550 4086 et
574 4010 765 4110 digniores,
794 4038 883 4111 quos
905 4012 970 4089 viri
994 4012 1087 4090 docti
1109 4018 1263 4109 legerent

162 4151 265 4236 atquc
299 4141 334 4217 in
363 4169 446 4219 suos
479 4143 626 4243 quisque
656 4170 741 4220 usus
765 4157 1014 4221 converterent.
1060 4146 1147 4219 Illud
1172 4142 1264 4218 enim

162 4277 377 4368 praeclarum
401 4279 505 4351 habet
528 4280 616 4354 haec
639 4302 695 4352 ars
718 4275 946 4376 epigraphica‚
970 4279 1066 4374 quod
1087 4275 1263 4373 utriusque
