2842 4936
711 313 732 373 6

644 397 796 408 ——--.-..-

165 479 356 560 praetoribus
378 480 408 540 in
426 479 522 542 titulis
541 479 701 542 memorari
723 479 771 558 (C.
781 481 803 542 1.
820 480 871 541 Gr.
890 478 958 556 178,
976 477 1060 558 179).
1091 476 1133 540 At
1148 478 1200 541 hic
1222 479 1286 543 alia

166 609 216 650 res
237 595 290 649 est.
326 589 383 649 llic
402 589 454 649 ubi
471 591 703 668 hlesogaeorum
724 589 842 668 quidam
860 592 1025 650 conventus
1046 592 1177 667 propter
1192 608 1286 651 sacra

167 696 365 758 communiter
380 697 521 758 obeunda
538 696 751 776 significantur,
772 697 911 778 equidem
926 715 988 757 uon
1001 695 1099 771 video,
1118 697 1284 775 quomodo

164 806 201 866 de
220 806 325 867 eadem
347 803 399 864 illa
412 805 572 884 Mesogaea
594 804 719 884 cogitari
732 805 837 884 possit,
857 825 934 885 quae
952 803 1103 864 dimidiam
1118 804 1184 866 fere
1199 805 1284 867 Atti-

165 934 230 974 cam
254 911 482 991 complectatur.
520 915 622 994 ltaque
644 913 716 972 nihil
734 913 805 973 mihi
819 912 1004 993 probabilius
1019 918 1064 973 est
1078 930 1168 991 quam
1182 913 1282 974 fuisse

163 1022 194 1082 in
220 1020 321 1081 Attica
349 1019 497 1100 quandam
525 1019 688 1102 τρικωμίαν
710 1021 759 1081 vel
781 1019 1007 1102 τετρακωμίαν,
1037 1039 1114 1100 quae
1141 1022 1281 1083 arctiore

163 1129 291 1210 quadam
312 1148 468 1190 sacrorum
488 1129 631 1190 societate
652 1129 811 1190 coniuncta
831 1147 942 1189 nomen
960 1127 1048 1203 illud,
1078 1129 1161 1209 quod
1183 1128 1280 1210 longe

162 1236 250 1297 latius
273 1243 376 1316 patere
397 1243 526 1316 poterat,
554 1237 640 1317 quasi
663 1238 818 1317 proprium
839 1235 896 1297 sibi
915 1236 1086 1298 vindicaret
1129 1237 1280 1300 Similiter

163 1345 240 1405 duae
263 1352 296 1405 ut
314 1352 440 1421 constat,
460 1347 582 1405 fuerunt
603 1345 634 1405 in
650 1344 750 1405 Attica
771 1343 945 1423 tetrapoles,
970 1343 1063 1405 altera
1083 1345 1279 1409 Marathonia

161 1451 222 1527 illa,
245 1453 398 1514 Phalerico
422 1453 525 1529 altera,
549 1453 706 1534 utriusque
729 1452 807 1513 sicut
827 1451 914 1513 huius
934 1453 1114 1532 Mesogaeae
1136 1461 1278 1518 centrum

160 1560 306 1640 templum
326 1561 475 1623 Herculis.
517 1557 698 1644 Τρικώμους
719 1561 857 1621 novimus
880 1561 1058 1640 EupyridaS,
1084 1563 1276 1644 Cecropidas

162 1666 244 1744 (mel.
258 1670 431 1749 Cropidas>‚
455 1669 587 1747 Peleces,
608 1669 660 1729 ubi
676 1669 806 1730 Vulcani
819 1689 904 1730 sacra
920 1676 954 1729 ut
973 1671 1169 1731 communiter
1191 1671 1276 1733 culta

160 1777 252 1838 fuisse
283 1778 434 1857 suspicer,
474 1779 545 1840 facit
578 1797 690 1838 nornen
720 1771 891 1860 Εὐπυρίόαι
924 1799 992 1838 cum
1024 1779 1274 1858 interpretatione

159 1885 256 1964 Etym.
269 1887 310 1947 Μ.
333 1883 411 1948 an.
434 1886 531 1969 δῆμος
547 1883 721 1967 Ἀθηναίων
743 1883 788 1946 ὅτι
808 1883 838 1944 ἐν
855 1881 1002 1966 Ἀθήναις
1018 1890 1138 1968 πρῶτον
1159 1886 1194 1948 τὸ
1210 1891 1272 1971 πῦρ

160 1991 314 2074 εὑρῆσθαί
338 2016 413 2077 φασι
442 1993 520 2056 κατὰ
547 1993 597 2054 τὸν
628 1993 724 2075 δῆμον
752 1996 858 2054 τοῦτον
884 1995 936 2073 τῆς
964 1991 1147 2076 ἐκλάμψεως
1175 1993 1272 2058 αὐτοῦ

158 2098 333 2182 γενομένης.
367 2104 502 2164 Fuerunt
523 2102 651 2182 denique
671 2103 758 2162 etiam
775 2100 975 2180 Epacriorum
995 2103 1164 2163 communia
1184 2124 1273 2167 sacra

159 2209 209 2289 qui
228 2215 310 2271 tauto
329 2211 423 2288 magis
441 2211 480 2270 ad
500 2209 755 2288 comparationem
774 2207 909 2269 adhiberi
929 2219 1064 2289 possunt,
1086 2232 1179 2292 quum
1197 2211 1271 2275 ἐπα·

157 2315 229 2399 apta
254 2318 379 2397 proprie
406 2339 424 2379 a
452 2316 572 2399 διανρία
600 2321 630 2376 et
653 2313 820 2397 ὑπερακρία
847 2335 909 2379 nou
933 2319 1050 2381 differre
1073 2320 1212 2382 videatur
1234 2342 1272 2384 ac

157 2433 229 2506 post
252 2426 428 2488 dissolutam
451 2425 608 2487 duodecim
630 2426 813 2505 oppidorum
835 2428 994 2503 rationem,
1024 2448 1152 2508 quorum
1174 2451 1271 2494 unum

157 2536 264 2598 eodem
292 2535 413 2598 nomine
436 2535 603 2611 ferebatur,
633 2535 724 2595 trium
752 2544 918 2616 quatuorve
932 2535 967 2614 *)
995 2535 1132 2598 vicorum
1155 2559 1271 2603 nomen

156 2645 348 2722 remanserit,
373 2645 425 2726 qui
446 2645 615 2707 communia
636 2665 722 2706 sacra
743 2646 831 2705 etiam
853 2650 923 2724 post
943 2643 1054 2704 bellom
1077 2647 1271 2726 Peloponue-

156 2754 272 2815 siacum
298 2754 400 2814 colere
426 2755 605 2832 pergebaut3
641 2753 727 2813 cuius
747 2753 792 2814 roi
812 2753 988 2814 memoriam
1009 2755 1139 2817 servavit
1160 2757 1269 2821 titulus

156 2860 191 2922 C.
211 2863 233 2922 1.
254 2863 295 2923 82
316 2858 370 2919 ubi
392 2861 530 2921 conferas
552 2861 797 2922 commentarium
817 2862 953 2923 Biickliii.

240 2969 392 3047 Pagorum
412 2968 492 3030 uude
512 2969 585 3030 haec
607 2975 709 3030 nostra
731 2970 892 3048 hlesogaea
911 2969 1079 3049 composita
1094 2977 1166 3047 erat,
1187 2992 1269 3036 unus

154 3075 210 3137 fuit
232 3071 335 3158 Βατή;
363 3074 433 3138 hinc
453 3077 531 3138 euim
552 3084 582 3138 et
603 3077 653 3159 qui
674 3077 772 3158 legem
795 3078 912 3158 rogavit
933 3086 962 3138 et
983 3078 1013 3138 in
1029 3098 1118 3159 quem
1132 3081 1268 3145 honores

154 3186 351 3247 conferuntur
371 3184 433 3246 nati
454 3185 601 3249 dicuntur.
644 3186 734 3266 Lapis
757 3185 822 3264 ipse
840 3207 932 3267 quum
953 3186 1034 3248 haud
1054 3187 1145 3247 dubie
1165 3188 1197 3248 in
1218 3210 1268 3250 ar-

154 3295 241 3356 chivo
261 3296 494 3374 Mesogaeorum
510 3295 661 3377 repositus
677 3295 723 3371 sit,
744 3293 833 3355 situm
846 3314 951 3356 eorum
969 3315 1037 3357 cum
1051 3295 1265 3375 probabilitate

152 3403 275 3463 indiciat
294 3407 323 3464 et
345 3404 426 3484 quod
447 3405 536 3466 statui
554 3404 650 3484 ipsam
663 3402 849 3465 Athenarum
868 3403 1019 3484 planitiem
1035 3424 1053 3465 a
1072 3403 1145 3465 mari
1164 3425 1266 3469 remo-

152 3512 261 3574 tiorem
281 3512 460 3590 Mesogaeae
483 3518 599 3591 partein
621 3511 714 3573 fuisse
734 3512 859 3574 mirifice
876 3514 1039 3576 coufirmat.
1072 3516 1264 3596 Quamquam
1346 3530 1353 3539 ·

152 3620 231 3681 enim
263 3619 341 3681 inter
370 3620 514 3680 maiorem
545 3620 693 3702 quandam
720 3631 751 3682 et
780 3622 927 3684 minorem
952 3623 1143 3704 Mesogaeam
1171 3622 1263 3686 docui

152 3729 394 3809 distinguendum
417 3748 492 3805 esse,
512 3736 613 3789 tamen
635 3727 759 3788 alteram
780 3731 817 3791 ab
838 3731 932 3794 altera
953 3752 1079 3813 prorsus
1100 3731 1263 3810 seiungere

150 3837 250 3911 nolui;
281 3837 372 3899 immo
399 3837 522 3899 alteram
547 3837 669 3898 alterius
696 3845 811 3916 partem
841 3845 871 3900 et
896 3842 981 3922 quasi
1010 3848 1146 3904 centrum
1168 3842 1261 3906 fuisse

150 3945 283 4008 arbitror
310 3947 388 4008 sicut
411 3945 569 4026 Epacriam
591 3945 671 4006 illam
694 3947 840 4026 Epacriae
861 3950 1003 4031 regionis.
1045 3951 1152 4014 Editor
1168 3949 1262 4014 Athe·

219 4207 243 4270 *)
271 4209 305 4258 ad
325 4209 497 4260 Semachidas
524 4213 551 4259 et
576 4207 720 4260 Plotheiom
745 4212 852 4260 tertiam
876 4213 998 4262 Pallenen
1022 4213 1153 4264 accedere
1174 4213 1259 4265 voluit

151 4288 178 4338 C.
196 4291 224 4342 0.
242 4291 340 4342 Mulier.
360 4288 476 4353 Hypcrb.
497 4291 569 4342 hom.
588 4293 661 4342 Slud.
682 4293 723 4342 ed.
743 4292 789 4342 Ed.
807 4292 926 4344 Gerhard
947 4307 973 4357 p.
989 4290 1050 4347 Ἢ).
