2842 4936
688 334 729 398 16

638 416 788 428 -ῧ

241 502 362 565 Pittaois
388 505 447 567 hoc
474 505 672 586 fragmentum
693 524 761 565 cum
783 503 977 566 antecedente
999 502 1134 564 eiusdem
1155 501 1268 582 lapidis

157 609 251 672 fnisse
285 631 355 674 sero
386 631 419 674 se
452 613 634 676 intellexisse
667 612 716 674 ait.
769 612 908 674 Latitudo
947 610 1067 693 quidem
1097 610 1270 690 scripturae

158 719 262 780 eadem
281 726 327 781 est
347 720 481 800 (vicenas
502 722 634 802 singulas
652 720 774 785 binasve
794 721 908 781 litteras
927 719 1037 781 habent
1055 723 1189 795 versus);
1213 717 1271 780 sed

158 828 185 890 si
204 829 385 909 apographis
402 828 511 892 Atticis
532 831 608 892 fides
629 828 766 890 habenda
787 833 845 904 est,
876 829 941 908 ipse
964 827 1043 888 enim
1064 826 1184 887 titulum
1205 846 1272 889 nou

157 936 234 1012 vidi,
262 937 293 997 in
318 938 376 998 hoc
395 937 496 1017 lapide
517 938 684 1018 scripturae
703 955 798 1016 genus
817 935 970 1018 aliquanto
991 934 1190 1014 negligentius
1213 942 1270 997 est.

159 1049 261 1126 Quare
290 1066 380 1126 quum
408 1045 496 1107 etiam
524 1045 690 1126 argumenti
717 1043 795 1104 ratio
821 1063 858 1104 ea
880 1043 936 1118 sit,
964 1048 998 1104 nt
1019 1042 1095 1104 alter
1114 1042 1151 1102 ab
1170 1042 1270 1104 altero

158 1152 261 1214 titulus
283 1152 485 1232 seiungendus
504 1174 571 1216 esse
588 1155 733 1228 videatur,
755 1153 814 1213 hoc
835 1151 989 1213 decretum
1009 1157 1081 1231 post
1099 1150 1175 1212 illud
1193 1153 1271 1213 sori-

158 1266 244 1341 ptum
266 1280 333 1321 esse
351 1263 529 1340 putaverim,
550 1269 639 1345 atque
660 1262 773 1322 interea
791 1260 919 1321 eundem
936 1260 1090 1338 Arybbam
1109 1280 1179 1320 cum
1198 1260 1270 1322 tiliis

160 1371 304 1450 (quorum
331 1368 362 1429 in
389 1369 485 1432 altero
509 1372 676 1451 fragmento
699 1368 810 1430 mentio
834 1368 931 1447 nuilla)
958 1368 1092 1429 Athenas
1114 1367 1270 1428 revenisse

158 1476 342 1555 reipublicae
370 1477 481 1539 tutelae
508 1499 542 1540 sc
570 1497 685 1559 suaque
712 1475 998 1538 commendaturum.
1040 1475 1191 1536 Videntur
1215 1496 1270 1536 au-

157 1591 219 1647 tem
240 1604 344 1664 regum
364 1584 569 1648 Molossorum
598 1606 647 1648 res
668 1591 733 1647 tum
751 1584 849 1646 miuus
869 1583 1020 1646 secundae
1043 1583 1152 1656 fuissc3
1185 1603 1269 1644 nam-

158 1712 217 1774 que
251 1692 277 1752 si
306 1693 397 1754 finem
426 1694 584 1773 fragmenti
614 1700 697 1756 recte
727 1691 882 1773 supplevi,
916 1691 1070 1771 Arybbam
1100 1696 1165 1752 tum
1199 1713 1269 1753 cum

158 1823 213 1864 sua
243 1809 331 1882 gente
354 1821 371 1864 e
394 1822 487 1882 regno
509 1803 633 1882 pulsum
655 1802 747 1864 tuisse
774 1801 917 1863 eflicitur:
948 1799 1047 1879 possis
1069 1798 1190 1880 quidem
1209 1820 1269 1880 pro

157 1910 327 1993 κτήσωνται
353 1890 485 1972 scribere
511 1911 686 1989 σώσωνται,
717 1931 896 1993 quamquam
922 1929 983 1970 una
1008 1907 1109 1968 littera
1129 1908 1268 1984 brevius3

158 2017 212 2079 sed
236 2018 279 2079 sic
307 2039 427 2100 quoque
454 2039 543 2098 reges
569 2019 600 2079 in
627 2019 742 2098 magnis
764 2018 907 2098 periculis
929 2017 982 2078 illo
1008 2021 1145 2094 tempore
1171 2017 1268 2080 fuisse

156 2125 304 2188 videntur.
350 2127 495 2189 Fortasse
522 2127 582 2188 iam
604 2127 674 2189 vivo
696 2127 821 2208 Arybba
838 2127 1032 2206 Epirotarum
1054 2129 1158 2185 contra
1179 2145 1268 2206 reges

159 2253 233 2295 suos
254 2233 418 2296 seditiones
439 2235 555 2296 moveri
577 2241 749 2314 coeperant,
769 2234 878 2316 quibus
899 2240 1005 2314 postea
1024 2233 1087 2313 (Ol.
1106 2233 1218 2311 CXVI,
1235 2237 1267 2311 1)

156 2344 266 2403 factum
288 2349 349 2419 est,
380 2349 414 2404 ut
436 2341 583 2405 Aeacidas
604 2342 747 2423 Arybbae
773 2342 852 2404 filius
874 2345 946 2421 post
966 2340 1125 2420 expulsum
1143 2342 1268 2405 fratrem

155 2469 251 2530 regno
273 2459 303 2511 et
325 2451 391 2531 ipse
410 2450 588 2531 privaretur.

239 2560 336 2622 Vsd
369 2559 497 2640 legimus
527 2560 610 2643 quod
641 2559 674 2622 in
700 2559 789 2623 titulo
819 2557 977 2638 superiore
1004 2556 1124 2620 restitui
1152 2578 1267 2622 nomen

155 2668 297 2751 τιμωρίαι
316 2668 422 2730 eodem
443 2674 477 2730 nt
496 2668 559 2730 illic
571 2689 707 2747 numero,
724 2669 778 2730 sed
790 2667 881 2730 solito
895 2687 980 2730 more
994 2668 1154 2747 scriptum;
1173 2688 1266 2749 τιμω·

156 2776 223 2859 ριάς
239 2773 413 2856 Ἀθηναίων
432 2773 507 2857 ὑπέρ
522 2797 610 2838 τινων
630 2777 766 2857 intelligo
785 2777 894 2838 foedus
915 2776 1075 2859 quoddam,
1097 2793 1158 2857 quo
1172 2773 1265 2836 Athe-

154 2884 274 2944 nienses
303 2881 393 2942 alicui
419 2882 509 2943 fidem
533 2903 617 2944 suam
641 2888 731 2963 atque
754 2883 877 2945 tutelam
900 2884 1113 2963 despondeant.
1155 2885 1265 2945 Cetera

154 2991 362 3070 supplementa
385 2989 493 3069 partim
512 2990 616 3051 cadem
637 2991 750 3052 invenit
772 2991 924 3055 Schdllius
941 3012 1033 3054 meus.

237 3099 270 3158 ln
292 3099 414 3161 coronis
435 3118 511 3181 quae
532 3099 588 3160 sub
608 3099 695 3162 titulo
714 3101 872 3164 marmoris
893 3100 1061 3181 insculptae
1081 3108 1151 3164 sunt
1167 3102 1262 3183 ipsius

153 3205 295 3287 Arybbae
321 3208 463 3270 victorias
493 3208 631 3271 currules
658 3209 816 3270 adnotatas
848 3229 914 3271 esse
941 3208 1080 3272 arbitror.
1130 3211 1262 3273 Primum

149 3309 306 3397 Ὀλύμπια
325 3316 421 3400 τελέῳ
443 3318 460 3380 i.
474 3339 499 3381 e.
517 3317 630 3401 ἅρματι
649 3316 756 3401 τελείῳ
777 3338 846 3380 cum
866 3337 980 3379 corona
999 3318 1147 3397 oleagina;
1169 3321 1263 3382 maio-

153 3423 238 3485 ribus
260 3425 340 3486 foliis
363 3426 482 3487 excellit
500 3447 577 3510 quae
595 3426 634 3487 ad
655 3427 790 3487 dextram
810 3426 949 3506 apposita
969 3434 1014 3488 est
1035 3445 1149 3488 corona
1165 3424 1263 3505 Apol-

152 3530 233 3591 linea
254 3529 395 3612 (llhihha
417 3532 544 3616 τελέῳ);
578 3533 667 3595 tertia
688 3534 885 3613 probabiliter
904 3536 1019 3598 Nemea
1040 3555 1168 3618 querna,
1198 3535 1260 3615 apii

153 3639 231 3700 errim
253 3641 400 3702 Isthmiaci
424 3641 497 3703 tolia
519 3643 593 3717 duo,
624 3661 700 3722 quae
727 3648 904 3723 supersunt,
935 3663 997 3704 non
1019 3663 1085 3707 esse
1109 3643 1259 3707 videntur.

152 3746 362 3828 Anaglyphum
379 3751 464 3812 ouius
479 3750 555 3810 infra
568 3750 764 3829 fragmentum
783 3751 922 3828 cernitur,
938 3753 1026 3814 valde
1045 3753 1184 3814 detritum
1199 3761 1260 3827 est3

152 3858 290 3937 agnoscis
317 3866 416 3919 autem
448 3858 621 3940 quadrigam
653 3879 722 3920 cum
749 3879 858 3934 curru,
886 3860 936 3920 cui
961 3861 1096 3922 Victoria
1118 3860 1196 3921 alata
1216 3861 1259 3920 in-

152 3966 236 4028 sistit.
280 3970 366 4048 Quae
387 3967 496 4048 lapidis
518 3971 691 4028 ornamenta
713 3967 813 4027 omnia
840 3967 866 4028 si
893 3969 931 4028 ad
954 3969 1082 4030 eundem
1102 3967 1258 4048 Arybbam

151 4087 233 4137 recte
250 4076 412 4153 retulimus,
434 4077 464 4136 in
483 4077 589 4138 eodem
608 4076 707 4155 lapide
727 4082 757 4136 et
773 4075 975 4150 victoriarum,
996 4096 1070 4156 quas
1085 4098 1137 4138 rex
1152 4095 1257 4157 repor-

151 4187 257 4248 taverit
275 4192 305 4246 ct
327 4185 458 4246 foederis
482 4187 565 4268 quod
586 4206 655 4247 cum
676 4182 906 4247 Atheniensibus
929 4183 1043 4262 fecerit,
1066 4189 1257 4247 monumenta

149 4294 285 4358 videmus
308 4293 476 4357 coniuncta.

650 4435 851 4448 *—
