2842 4936
644 377 791 470 *u-

250 548 304 608 Vs
325 549 422 609 1-5
446 547 552 609 dubito
570 567 642 608 num
661 552 744 609 certa
761 548 876 609 ratione
896 546 1012 608 restitui
1031 544 1154 625 possint.
1184 544 1272 605 luitio

166 655 345 720 conieceris:
372 654 392 736 ἡ
414 654 543 740 βοήθεια
567 655 586 737 ἡ
612 654 740 717 δοθεῖσα
765 652 832 738 παρ’
862 655 951 737 ἡμῶν
979 675 1053 714 ποτε
1078 657 1122 736 τῷ
1145 653 1272 735 πάππῳ.

164 767 195 828 iu
216 786 260 827 va.
282 765 310 826 3.
333 766 361 826 lt.
388 783 498 825 nomen
520 767 681 848 τιμωρεῖαι
704 765 802 826 inesse
823 763 951 842 videtur,
975 783 1155 845 quamquam
1174 763 1274 822 torma

164 874 296 936 inaudita
309 878 369 934 est:
394 871 425 933 αἱ
443 869 532 932 αὐταὶ
550 873 710 955 τιμωρεῖαι
730 872 917 956 ὑπάρχουσιν
938 869 1022 956 αὐτῷ
1039 870 1090 932 καὶ
1108 871 1171 936 τοῖς
1188 867 1273 951 ἐκγό-

164 1003 227 1049 νοις
248 979 300 1043 ἀεί
319 978 378 1042 εἰσι
400 979 508 1041 κοιναί.
549 982 612 1044 Sed
633 981 826 1044 haecomnia
847 980 1030 1042 dubitatione
1048 980 1144 1061 plena.
1186 983 1274 1060 Quae

165 1096 331 1173 sequuntur·
361 1089 424 1150 fere
453 1089 553 1151 omnia
581 1090 669 1152 facile
700 1089 915 1169 intelliguntur.
964 1091 1088 1150 Praeter
1117 1086 1274 1167 publicum

163 1199 348 1261 Athenarum
366 1198 568 1278 patrocinium
589 1204 709 1261 senatus
729 1197 896 1280 populique
918 1195 1014 1257 libere
1030 1194 1161 1256 adeundi
1181 1194 1274 1274 privi-

162 1307 274 1387 legium
304 1304 336 1366 in
363 1305 518 1386 Arybbam
548 1308 711 1368 confertur.
763 1306 880 1367 Deinde
904 1306 941 1366 de
964 1288 1135 1365 incidendo*
1148 1304 1273 1364 decreto

164 1415 280 1492 dicitur,
302 1414 388 1477 cuius
407 1415 452 1476 rei
473 1422 611 1495 sumptus
631 1419 667 1476 ut
686 1415 720 1476 fit
741 1414 892 1497 quaestori
912 1413 1019 1494 populi
1041 1412 1272 1484 demandantur;

131 1549 133 1555 ’
163 1524 268 1584 eadem
295 1522 401 1584 iisdem
430 1523 533 1594 verbis
559 1523 733 1604 saepissime
757 1524 892 1584 redeunt.
926 1522 996 1584 Vid.
1018 1520 1052 1583 C.
1072 1522 1095 1581 1.
1119 1523 1175 1597 92,
1202 1521 1271 1583 108.

164 1633 238 1694 Oec.
264 1630 371 1693 Athen.
392 1632 413 1693 1.
441 1653 470 1711 p.
492 1633 561 1694 183.
597 1632 705 1694 Franz.
732 1631 826 1695 Elem.
852 1632 908 1713 Ep.
935 1653 965 1712 p.
986 1631 1056 1693 317.
1095 1629 1208 1691 Mirum
1227 1636 1274 1690 est

163 1740 252 1802 etiam
278 1759 424 1801 summam
446 1741 571 1802 caudam
590 1741 679 1816 toties
701 1739 800 1801 redire
819 1739 850 1800 iu
869 1740 1018 1819 lapidibus
1038 1758 1159 1821 quoque
1180 1737 1272 1817 louge

163 1846 340 1925 minoribus,
361 1869 454 1931 quum
472 1849 585 1929 ingenti
604 1849 648 1910 illi
666 1849 767 1928 lapidi,
789 1849 841 1931 qui
861 1855 907 1912 est
929 1849 966 1910 de
984 1867 1142 1908 murorum
1156 1845 1273 1907 Attico-

163 1975 231 2016 rum
248 1957 428 2034 refectioue‚
458 1957 652 2020 inscribendo
678 1958 890 2040 quinquaginta
911 1958 1068 2019 drachmae
1091 1955 1272 2018 suffecerint.

163 2063 282 2126 Miiller.
307 2067 344 2126 de
368 2067 490 2129 munim.
521 2067 629 2130 Athen.
650 2089 680 2147 p.
702 2069 752 2130 35.
773 2067 794 2128 l.
814 2068 863 2129 33.
886 2067 1024 2148 Denique
1044 2063 1184 2143 Arybbas
1205 2061 1272 2140 ipse

164 2193 232 2234 cum
260 2175 386 2235 cohorte
415 2195 470 2236 sua
497 2175 536 2235 ad
558 2175 680 2256 epulum
699 2175 731 2235 in
752 2180 930 2254 prytaneum
949 2175 1099 2238 invitatur.
1142 2169 1271 2232 Locutio

162 2280 330 2355 tritissima;
368 2282 466 2343 rarius
497 2289 543 2342 est
570 2285 653 2364 quod
674 2283 704 2344 in
727 2282 815 2343 titulo
837 2281 939 2344 Attico
971 2278 1059 2367 (Ἐφ.
1079 2279 1168 2364 Ἀρχ.
1192 2280 1271 2359 407)

162 2389 216 2452 ubi
230 2390 267 2450 de
282 2390 467 2450 honorandis
479 2388 584 2468 legatis
601 2389 707 2468 agitur,
724 2391 843 2452 videtur
854 2391 1000 2470 scriptum
1017 2409 1098 2452 esse:
1116 2386 1271 2472 πεμφ[θῆ·

162 2520 211 2559 ναι
234 2496 354 2576 αὐτοὺς]
391 2496 440 2558 ἐπὶ
467 2497 588 2558 δεῖπνον
617 2496 660 2564 εἰς
683 2497 716 2560 τὸ
739 2501 942 2582 πρυτ[ανεῖον,
970 2498 1077 2559 δοῦναι
1100 2497 1134 2560 δὲ
1155 2497 1272 2577 αὐ]τοῖς

161 2606 213 2670 καὶ
235 2604 348 2689 ἐφόδια
369 2606 419 2667 τὸν
442 2604 564 2688 ταμ[ιάν
585 2604 619 2667 ἐκ
636 2609 696 2668 τῶν
714 2607 767 2688 εἰς]
785 2605 821 2668 τὰ
839 2605 916 2668 κατὰ
933 2605 1114 2689 ψηφίσματα
1137 2605 1270 2686 ἀνα[λισ-

161 2714 300 2797 κομένων
324 2719 368 2799 τῷ
391 2715 503 2799 δήμῳ].
537 2716 584 2776 De
607 2713 723 2798 ἐφοδίῳ
742 2715 911 2795 legatorum
931 2714 1005 2776 dixit
1020 2714 1176 2776 Boethius
1194 2716 1269 2778 Oce.

162 2823 226 2885 Civ.
246 2824 316 2884 Ath.
331 2825 353 2899 1,
375 2825 446 2884 255.
486 2824 519 2883 ln
538 2823 597 2882 fine
619 2823 776 2900 fragmenti
795 2822 959 2884 sentcntiae
979 2824 1165 2904 singulorum
1193 2826 1269 2884 »τῶν

163 2929 194 2990 ἐν
214 2933 257 3012 τῷ
277 2929 366 3011 δήμῳ
386 2926 664 3011 Ευγγραφομένωνιι
687 2929 757 2989 addi
774 2937 949 3010 coeperunt,
968 2931 1021 2993 ubi
1035 2932 1199 2993 notandum
1215 2937 1269 3007 est,

162 3036 280 3098 omissis
299 3056 376 3118 quae
396 3036 488 3116 vulgo
510 3035 754 3116 interponantur:
779 3036 794 3098 ὁ
816 3037 900 3100 δεῖνα
919 3036 1013 3116 εἶπεν,
1036 3039 1134 3102 statim
1152 3041 1192 3102 ad
1208 3041 1271 3100 for-

162 3146 273 3207 mulam
300 3144 380 3206 illam
408 3145 541 3207 transiri:
569 3143 607 3207 τὰ
635 3145 688 3229 μὲν
712 3144 793 3208 ἄλλα
815 3143 954 3230 καθάπερ
979 3144 1019 3231 τῇ
1039 3145 1149 3233 βουλῇ.
1192 3149 1271 3210 Vide

162 3254 199 3315 de
220 3255 276 3316 hac
299 3254 429 3317 formula
450 3256 560 3320 Franz.
579 3255 674 3318 Elem.
692 3255 797 3337 Epigr.
820 3255 954 3318 Graecae
976 3278 1006 3338 p.
1029 3259 1100 3320 321.
