2842 4936
735 348 779 411 28

203 517 274 577 dum
297 518 467 580 Cassander
486 517 683 581 Athenienses
704 519 863 580 obsidione
884 517 1050 594 claudebat,
1073 519 1138 581 sine
1157 539 1245 580 mora
1264 521 1310 582 vi-

202 626 291 688 detur
312 629 426 707 potitus
448 648 524 690 esse.
562 633 648 710 Quae
672 647 721 689 res
741 627 773 688 ni
791 627 881 689 fallor
899 627 987 688 titulo
1005 633 1111 689 nostro
1130 628 1310 707 explicatur,

201 755 291 816 quem
311 739 419 800 eodem
436 744 489 800 ant
509 742 653 818 sequente
671 755 750 798 anno
770 735 802 795 in
817 735 898 798 illius
914 737 1062 798 honorem
1078 737 1224 816 scriptum
1239 756 1311 799 esse

200 844 339 923 arbitror,
361 847 413 928 qui
429 848 534 909 urbem
550 845 632 907 illam
650 851 681 907 et
698 845 844 924 Euripum
859 843 1006 906 tradendo
1022 851 1208 906 momentum
1225 846 1311 907 haud

199 953 353 1016 mediocre
378 957 505 1032 fecerat,
537 962 571 1017 nt
599 961 630 1016 et
655 953 790 1016 Athenae
811 973 828 1014 e
852 953 974 1014 summis
995 953 1138 1032 periculis
1161 954 1309 1015 continuo

200 1061 401 1125 eximerentur
425 1070 456 1125 et
482 1070 547 1126 tota
567 1061 695 1128 Graecia
715 1081 812 1143 usqne
834 1060 873 1121 ad
894 1061 1114 1140 Thermopylas
1136 1061 1310 1122 incredibili

200 1172 351 1234 celeritate
370 1172 557 1234 liberaretur.
592 1171 675 1232 Idem
697 1191 770 1231 num
790 1169 879 1230 fuerit
895 1169 1091 1243 Boeotorum,
1116 1169 1168 1250 qui
1190 1168 1253 1230 illic
1275 1170 1309 1232 in

198 1281 351 1361 praesidio
380 1287 479 1358 erant,
507 1282 680 1361 praefectus
707 1277 831 1339 definire
858 1295 922 1338 non
949 1277 1054 1342 ausim.
1092 1278 1163 1339 Vid.
1192 1277 1232 1340 de
1258 1279 1308 1340 his

198 1390 291 1452 rebus
308 1391 459 1469 Droysen.
477 1390 553 1452 Hist
569 1389 659 1450 Succ.
677 1385 724 1448 ΑΙ.
742 1407 773 1466 p.
788 1387 859 1448 502.
892 1384 1013 1448 Chalcis
1035 1385 1106 1448 inde
1122 1385 1162 1449 ab
1175 1383 1309 1449 Alcam-

199 1497 247 1559 dri
265 1497 298 1560 in
317 1496 422 1560 Asiam
440 1496 640 1579 expeditione,
661 1501 792 1578 utroque
814 1493 916 1555 littore
937 1494 1097 1558 moenibus
1115 1495 1230 1575 iuncto,
1246 1494 1309 1558 En-

197 1607 298 1686 ripum
319 1611 350 1668 et
368 1606 534 1669 Canethnm
555 1604 642 1688 qnasi
661 1610 763 1684 partes
784 1602 867 1664 urbis
890 1603 1156 1684 complectebatur.
1193 1602 1306 1670 sorbo

197 1735 228 1794 p.
245 1715 317 1780 447.
341 1716 434 1780 Leak.
453 1715 561 1779 Graec.
581 1715 733 1796 Septentr.
752 1713 788 1789 Π,
805 1713 876 1775 259.

649 1969 851 1983 ᾖ

677 2205 741 2272 Tu.
763 2204 818 2271 xl.

615 2339 688 2409 nna
710 2339 786 2414 Ἀρχ.
808 2339 880 2406 an.)

671 2495 821 2506 ——-

304 2617 383 2678 Lapis
401 2616 498 2664 Pentcl.
518 2615 552 2662 lll
570 2615 629 2677 ped.
648 2616 742 2679 longus
761 2629 783 2664 a.
800 2610 866 2663 tato
884 2613 918 2663 ad
937 2612 1021 2662 occid.
1038 2612 1213 2662 Pnrthcnonis
1230 2626 1282 2675 par

264 2699 318 2746 lem
336 2701 468 2760 repertus.

98 2948 101 2953 '
219 2966 1294 3033 incathedrarnuohratsteuhoroornnauorrru

276 3181 520 3270 [Ἀ]κ[ρ]ογίόης,
535 3180 727 3270 Ἕ[β]δομίας
747 3185 1027 3272 Λευκ[ο]λοφίό[ου]
1050 3190 1230 3278 adalberno.

276 3408 394 3471 Titulus
417 3411 618 3476 dedicatorius
641 3414 672 3475 in
691 3414 756 3476 basi
781 3413 883 3493 operis
910 3413 1037 3478 alicuius
1062 3418 1239 3499 inscriptus,
1265 3428 1297 3484 et

192 3517 364 3601 antiquitate
387 3527 417 3582 et
437 3522 590 3583 nominum
609 3525 724 3585 ratione
746 3523 878 3602 insignis.
912 3524 1046 3586 Primum
1066 3547 1176 3589 nomen
1198 3549 1298 3590 curen-

193 3628 267 3689 darc
285 3629 379 3706 nolui,
400 3630 550 3711 quianon
569 3631 726 3710 habebam,
755 3633 838 3714 quod
857 3633 964 3695 melius
984 3641 1072 3698 esset.
1114 3637 1149 3698 ln
1170 3636 1299 3699 alterum

193 3738 331 3799 conferas
356 3756 467 3799 nomen
487 3733 691 3820 Ἕβδομίσκος
718 3741 799 3820 apud
824 3743 912 3806 Roas,
941 3744 1028 3807 Fasc.
1049 3745 1084 3821 Il,
1106 3747 1157 3809 87.
1199 3744 1298 3808 Patris

191 3864 303 3906 nornen
318 3851 393 3925 puto
411 3846 558 3926 inlepide
578 3847 723 3927 scriptum
740 3869 806 3910 esse
824 3844 1123 3914 ΛΕΥΚΟΛΟΦΙΔΟ.
1155 3854 1189 3914 ln
1203 3853 1298 3914 verbo

193 3952 317 4014 offendit
336 3955 487 4033 augmenti
505 3956 627 4016 omissio
647 3963 677 4016 et
695 3956 812 4018 litterae
827 3953 854 4017 N
870 3958 967 4019 forma
984 3959 1040 4020 hac
1055 3967 1150 4022 aetate
1169 3980 1297 4040 prorsus

192 4061 361 4141 singularis,
383 4083 472 4144 quam
487 4064 525 4126 ab
540 4064 771 4128 Atheniensibus
787 4065 865 4127 bene
882 4073 1135 4149 repraesentatam
1154 4089 1297 4133 essenon

191 4169 263 4231 mihi
281 4171 459 4252 persuadeo.
