<?xml version="1.0" encoding="UTF-8"?>
<!DOCTYPE html PUBLIC "-//W3C//DTD XHTML 1.0 Transitional//EN"
    "http://www.w3.org/TR/xhtml1/DTD/xhtml1-transitional.dtd">
<html xmlns="http://www.w3.org/1999/xhtml" xml:lang="en" lang="en">
 <head>
  <title>
</title>
<meta http-equiv="Content-Type" content="text/html;charset=utf-8" />
  <meta name='ocr-system' content='tesseract 3.04.00' />
  <meta name='ocr-capabilities' content='ocr_page ocr_carea ocr_par ocr_line ocrx_word'/>
</head>
<body>
  <div class='ocr_page' id='page_1' title='image "./inscriptionesat00curtgoog_0022.png"; bbox 0 0 2842 4936; ppageno 0'>
   <div class='ocr_carea' id='block_1_1' title="bbox 643 324 793 418">
    <p class='ocr_par' dir='ltr' id='par_1_1' title="bbox 643 324 793 418">
     <span class='ocr_line' id='line_1_1' title="bbox 643 324 793 418; baseline 0 -32"><span class='ocrx_word' id='word_1_1' title='bbox 643 324 793 418; x_wconf 54' lang='lat' dir='ltr'>—u—</span> 
     </span>
    </p>
   </div>
   <div class='ocr_carea' id='block_1_2' title="bbox 164 488 1272 1006">
    <p class='ocr_par' dir='ltr' id='par_1_2' title="bbox 164 488 1272 1006">
     <span class='ocr_line' id='line_1_2' title="bbox 251 488 1272 574; baseline 0.007 -25"><span class='ocrx_word' id='word_1_2' title='bbox 251 488 369 551; x_wconf 87' lang='lat' dir='ltr'><strong>Titulus</strong></span> <span class='ocrx_word' id='word_1_3' title='bbox 395 491 486 552; x_wconf 88' lang='lat' dir='ltr'>tertio</span> <span class='ocrx_word' id='word_1_4' title='bbox 512 491 560 552; x_wconf 88' lang='lat' dir='ltr'>vel</span> <span class='ocrx_word' id='word_1_5' title='bbox 587 497 695 574; x_wconf 78' lang='lat' dir='ltr'>quarto</span> <span class='ocrx_word' id='word_1_6' title='bbox 723 497 794 571; x_wconf 91' lang='lat' dir='ltr'>post</span> <span class='ocrx_word' id='word_1_7' title='bbox 817 491 969 554; x_wconf 83' lang='lat' dir='ltr'><strong>Christum</strong></span> <span class='ocrx_word' id='word_1_8' title='bbox 997 492 1120 555; x_wconf 80' lang='lat' dir='ltr'>saeculo</span> <span class='ocrx_word' id='word_1_9' title='bbox 1141 512 1204 555; x_wconf 92' lang='lat' dir='ltr'>non</span> <span class='ocrx_word' id='word_1_10' title='bbox 1225 500 1272 556; x_wconf 86' lang='lat' dir='ltr'>est</span> 
     </span>
     <span class='ocr_line' id='line_1_3' title="bbox 166 596 1272 680; baseline 0.006 -24"><span class='ocrx_word' id='word_1_11' title='bbox 166 596 324 677; x_wconf 81' lang='lat' dir='ltr'>antiquior,</span> <span class='ocrx_word' id='word_1_12' title='bbox 348 619 437 680; x_wconf 88' lang='lat' dir='ltr'>quern</span> <span class='ocrx_word' id='word_1_13' title='bbox 458 600 516 661; x_wconf 86' lang='lat' dir='ltr'>hoo</span> <span class='ocrx_word' id='word_1_14' title='bbox 538 600 609 662; x_wconf 86' lang='lat' dir='ltr'>loco</span> <span class='ocrx_word' id='word_1_15' title='bbox 631 600 754 661; x_wconf 92' lang='lat' dir='ltr'>omnino</span> <span class='ocrx_word' id='word_1_16' title='bbox 775 620 837 663; x_wconf 91' lang='lat' dir='ltr'>non</span> <span class='ocrx_word' id='word_1_17' title='bbox 858 601 1037 680; x_wconf 86' lang='lat' dir='ltr'>posuissem,</span> <span class='ocrx_word' id='word_1_18' title='bbox 1059 600 1119 662; x_wconf 93' lang='lat' dir='ltr'>nisi</span> <span class='ocrx_word' id='word_1_19' title='bbox 1139 622 1208 663; x_wconf 88' lang='lat' dir='ltr'>curn</span> <span class='ocrx_word' id='word_1_20' title='bbox 1227 602 1272 663; x_wconf 90' lang='lat' dir='ltr'>in·</span> 
     </span>
     <span class='ocr_line' id='line_1_4' title="bbox 166 704 1271 789; baseline 0.006 -24"><span class='ocrx_word' id='word_1_21' title='bbox 166 704 330 784; x_wconf 83' lang='lat' dir='ltr'>scriptione</span> <span class='ocrx_word' id='word_1_22' title='bbox 357 709 504 787; x_wconf 83' lang='lat' dir='ltr'>Corporis</span> <span class='ocrx_word' id='word_1_23' title='bbox 530 710 623 773; x_wconf 85' lang='lat' dir='ltr'>lusor.</span> <span class='ocrx_word' id='word_1_24' title='bbox 645 709 797 789; x_wconf 81' lang='lat' dir='ltr'>Megarica</span> <span class='ocrx_word' id='word_1_25' title='bbox 822 714 862 787; x_wconf 87' lang='lat' dir='ltr'>(u</span> <span class='ocrx_word' id='word_1_26' title='bbox 886 710 982 788; x_wconf 80' lang='lat'>1081)</span> <span class='ocrx_word' id='word_1_27' title='bbox 1011 710 1174 772; x_wconf 84' lang='lat' dir='ltr'>cohaerere</span> <span class='ocrx_word' id='word_1_28' title='bbox 1199 710 1271 772; x_wconf 89' lang='lat' dir='ltr'>mihi</span> 
     </span>
     <span class='ocr_line' id='line_1_5' title="bbox 164 813 1270 898; baseline 0.007 -25"><span class='ocrx_word' id='word_1_29' title='bbox 164 813 326 877; x_wconf 85' lang='lat' dir='ltr'>videretur.</span> <span class='ocrx_word' id='word_1_30' title='bbox 357 816 414 876; x_wconf 86' lang='lat' dir='ltr'>llic</span> <span class='ocrx_word' id='word_1_31' title='bbox 437 816 515 877; x_wconf 91' lang='lat' dir='ltr'>euim</span> <span class='ocrx_word' id='word_1_32' title='bbox 539 817 721 898; x_wconf 84' lang='lat' dir='ltr'>epigramma</span> <span class='ocrx_word' id='word_1_33' title='bbox 741 818 884 879; x_wconf 89' lang='lat' dir='ltr'>habemus</span> <span class='ocrx_word' id='word_1_34' title='bbox 906 817 1039 880; x_wconf 86' lang='lat' dir='ltr'>eiusdem</span> <span class='ocrx_word' id='word_1_35' title='bbox 1058 818 1172 897; x_wconf 86' lang='lat' dir='ltr'>aetatis,</span> <span class='ocrx_word' id='word_1_36' title='bbox 1192 820 1270 883; x_wconf 92' lang='lat' dir='ltr'>eius-</span> 
     </span>
     <span class='ocr_line' id='line_1_6' title="bbox 165 921 955 1006; baseline 0.006 -24"><span class='ocrx_word' id='word_1_37' title='bbox 165 921 233 983; x_wconf 90' lang='lat' dir='ltr'>dem</span> <span class='ocrx_word' id='word_1_38' title='bbox 253 923 311 984; x_wconf 92' lang='lat' dir='ltr'>nisi</span> <span class='ocrx_word' id='word_1_39' title='bbox 332 923 422 985; x_wconf 82' lang='lat' dir='ltr'>fallor</span> <span class='ocrx_word' id='word_1_40' title='bbox 443 925 578 987; x_wconf 89' lang='lat' dir='ltr'>lleroulii</span> <span class='ocrx_word' id='word_1_41' title='bbox 600 932 714 988; x_wconf 87' lang='lat' dir='ltr'>statuae</span> <span class='ocrx_word' id='word_1_42' title='bbox 736 925 955 1006; x_wconf 88' lang='lat' dir='ltr'>subscriptum:</span> 
     </span>
    </p>
   </div>
   <div class='ocr_carea' id='block_1_3' title="bbox 156 1050 1268 3222">
    <p class='ocr_par' dir='ltr' id='par_1_3' title="bbox 242 1050 1134 1469">
     <span class='ocr_line' id='line_1_7' title="bbox 242 1050 1013 1143; baseline 0.005 -26"><span class='ocrx_word' id='word_1_43' title='bbox 242 1050 404 1138; x_wconf 77' lang='grc' dir='ltr'>Ἓρκίλιον</span> <span class='ocrx_word' id='word_1_44' title='bbox 426 1057 476 1120; x_wconf 78' lang='grc' dir='ltr'>τὸν</span> <span class='ocrx_word' id='word_1_45' title='bbox 500 1057 634 1143; x_wconf 81' lang='grc' dir='ltr'>ἔπαρχον</span> <span class='ocrx_word' id='word_1_46' title='bbox 658 1056 828 1142; x_wconf 68' lang='grc' dir='ltr'>ἀνέστησαν</span> <span class='ocrx_word' id='word_1_47' title='bbox 848 1052 1013 1143; x_wconf 75' lang='grc' dir='ltr'><strong>Μεγαρῆες</strong></span> 
     </span>
     <span class='ocr_line' id='line_1_8' title="bbox 289 1163 927 1252; baseline 0.009 -29"><span class='ocrx_word' id='word_1_48' title='bbox 289 1165 440 1228; x_wconf 80' lang='grc' dir='ltr'>παντοίων</span> <span class='ocrx_word' id='word_1_49' title='bbox 461 1165 558 1228; x_wconf 84' lang='grc' dir='ltr'>ἐθνῶν</span> <span class='ocrx_word' id='word_1_50' title='bbox 579 1164 772 1229; x_wconf 67' lang='lat' dir='ltr'>suintilane</span> <span class='ocrx_word' id='word_1_51' title='bbox 792 1163 927 1252; x_wconf 75' lang='grc' dir='ltr'>φύλακα,</span> 
     </span>
     <span class='ocr_line' id='line_1_9' title="bbox 245 1270 1134 1360; baseline 0.004 -27"><span class='ocrx_word' id='word_1_52' title='bbox 245 1270 351 1355; x_wconf 84' lang='grc' dir='ltr'>τείχεα</span> <span class='ocrx_word' id='word_1_53' title='bbox 373 1273 497 1356; x_wconf 82' lang='grc' dir='ltr'>ὃείματο</span> <span class='ocrx_word' id='word_1_54' title='bbox 520 1275 571 1337; x_wconf 88' lang='grc' dir='ltr'>καὶ</span> <span class='ocrx_word' id='word_1_55' title='bbox 591 1273 687 1359; x_wconf 85' lang='grc' dir='ltr'>πόρον</span> <span class='ocrx_word' id='word_1_56' title='bbox 705 1270 838 1359; x_wconf 76' lang='grc' dir='ltr'>ἔμπεδον</span> <span class='ocrx_word' id='word_1_57' title='bbox 857 1274 965 1337; x_wconf 77' lang='grc' dir='ltr'>ὤπασε</span> <span class='ocrx_word' id='word_1_58' title='bbox 982 1270 1134 1360; x_wconf 83' lang='grc' dir='ltr'>Νυμφῶν,</span> 
     </span>
     <span class='ocr_line' id='line_1_10' title="bbox 289 1377 966 1469; baseline 0.004 -28"><span class='ocrx_word' id='word_1_59' title='bbox 289 1377 383 1443; x_wconf 85' lang='grc' dir='ltr'>ἄστεα</span> <span class='ocrx_word' id='word_1_60' title='bbox 404 1382 456 1445; x_wconf 84' lang='grc' dir='ltr'>καὶ</span> <span class='ocrx_word' id='word_1_61' title='bbox 478 1384 602 1469; x_wconf 79' lang='grc' dir='ltr'>βουλάς,</span> <span class='ocrx_word' id='word_1_62' title='bbox 622 1382 704 1447; x_wconf 60' lang='grc' dir='ltr'>πάντ’</span> <span class='ocrx_word' id='word_1_63' title='bbox 727 1382 850 1469; x_wconf 84' lang='grc' dir='ltr'>ἐφορῶν</span> <span class='ocrx_word' id='word_1_64' title='bbox 871 1381 966 1467; x_wconf 70' lang='grc' dir='ltr'>σοφίῃ</span> 
     </span>
    </p>

    <p class='ocr_par' dir='ltr' id='par_1_4' title="bbox 156 1514 1268 3222">
     <span class='ocr_line' id='line_1_11' title="bbox 162 1514 1268 1598; baseline 0.009 -27"><span class='ocrx_word' id='word_1_65' title='bbox 162 1530 201 1572; x_wconf 87' lang='lat' dir='ltr'>ex</span> <span class='ocrx_word' id='word_1_66' title='bbox 220 1515 427 1579; x_wconf 75' lang='lat' dir='ltr'>emendatione</span> <span class='ocrx_word' id='word_1_67' title='bbox 441 1516 572 1580; x_wconf 81' lang='lat' dir='ltr'>Biiohhii</span> <span class='ocrx_word' id='word_1_68' title='bbox 587 1523 618 1580; x_wconf 84' lang='lat' dir='ltr'>et</span> <span class='ocrx_word' id='word_1_69' title='bbox 632 1517 755 1581; x_wconf 88' lang='lat' dir='ltr'>Osanni.</span> <span class='ocrx_word' id='word_1_70' title='bbox 786 1518 932 1580; x_wconf 81' lang='lat' dir='ltr'>Fortasse</span> <span class='ocrx_word' id='word_1_71' title='bbox 950 1517 1039 1579; x_wconf 86' lang='lat' dir='ltr'>etiarn</span> <span class='ocrx_word' id='word_1_72' title='bbox 1055 1514 1106 1579; x_wconf 87' lang='lat' dir='ltr'>hio</span> <span class='ocrx_word' id='word_1_73' title='bbox 1121 1517 1152 1578; x_wconf 89' lang='lat' dir='ltr'>in</span> <span class='ocrx_word' id='word_1_74' title='bbox 1167 1517 1268 1598; x_wconf 87' lang='lat' dir='ltr'>lapide</span> 
     </span>
     <span class='ocr_line' id='line_1_12' title="bbox 160 1618 1268 1705; baseline 0.006 -25"><span class='ocrx_word' id='word_1_75' title='bbox 160 1618 212 1681; x_wconf 79' lang='grc' dir='ltr'>τὸν</span> <span class='ocrx_word' id='word_1_76' title='bbox 233 1618 383 1705; x_wconf 61' lang='lat' dir='ltr'>throp-pom</span> <span class='ocrx_word' id='word_1_77' title='bbox 410 1626 465 1688; x_wconf 88' lang='lat' dir='ltr'>sed</span> <span class='ocrx_word' id='word_1_78' title='bbox 483 1624 598 1691; x_wconf 86' lang='lat' dir='ltr'>etiamsi</span> <span class='ocrx_word' id='word_1_79' title='bbox 619 1624 695 1689; x_wconf 87' lang='lat' dir='ltr'>illud</span> <span class='ocrx_word' id='word_1_80' title='bbox 717 1631 834 1688; x_wconf 84' lang='lat' dir='ltr'>reolum</span> <span class='ocrx_word' id='word_1_81' title='bbox 855 1633 902 1688; x_wconf 86' lang='lat' dir='ltr'>est</span> <span class='ocrx_word' id='word_1_82' title='bbox 920 1623 952 1686; x_wconf 92' lang='lat' dir='ltr'>in</span> <span class='ocrx_word' id='word_1_83' title='bbox 965 1624 1086 1687; x_wconf 83' lang='lat' dir='ltr'>schedis</span> <span class='ocrx_word' id='word_1_84' title='bbox 1098 1622 1268 1687; x_wconf 85' lang='lat' dir='ltr'>Fourmon-</span> 
     </span>
     <span class='ocr_line' id='line_1_13' title="bbox 160 1727 1268 1817; baseline 0.008 -30"><span class='ocrx_word' id='word_1_85' title='bbox 160 1727 256 1805; x_wconf 89' lang='lat' dir='ltr'>tianis,</span> <span class='ocrx_word' id='word_1_86' title='bbox 277 1729 352 1790; x_wconf 91' lang='lat' dir='ltr'>nihii</span> <span class='ocrx_word' id='word_1_87' title='bbox 373 1732 473 1795; x_wconf 83' lang='lat' dir='ltr'>obstat</span> <span class='ocrx_word' id='word_1_88' title='bbox 493 1734 653 1817; x_wconf 89' lang='lat' dir='ltr'>quominus</span> <span class='ocrx_word' id='word_1_89' title='bbox 674 1734 772 1797; x_wconf 87' lang='lat' dir='ltr'>eidem</span> <span class='ocrx_word' id='word_1_90' title='bbox 791 1732 937 1796; x_wconf 86' lang='lat' dir='ltr'>lleroulio</span> <span class='ocrx_word' id='word_1_91' title='bbox 957 1732 1021 1795; x_wconf 88' lang='lat' dir='ltr'>sive</span> <span class='ocrx_word' id='word_1_92' title='bbox 1040 1732 1184 1795; x_wconf 79' lang='lat' dir='ltr'>Homolio</span> <span class='ocrx_word' id='word_1_93' title='bbox 1205 1736 1268 1796; x_wconf 86' lang='lat' dir='ltr'>Me-</span> 
     </span>
     <span class='ocr_line' id='line_1_14' title="bbox 160 1835 1268 1923; baseline 0.007 -27"><span class='ocrx_word' id='word_1_94' title='bbox 160 1835 240 1914; x_wconf 80' lang='lat' dir='ltr'>garis</span> <span class='ocrx_word' id='word_1_95' title='bbox 262 1836 351 1916; x_wconf 88' lang='lat' dir='ltr'>cives,</span> <span class='ocrx_word' id='word_1_96' title='bbox 372 1839 498 1903; x_wconf 84' lang='lat' dir='ltr'>Athenis</span> <span class='ocrx_word' id='word_1_97' title='bbox 518 1842 648 1904; x_wconf 82' lang='lat' dir='ltr'>amioum</span> <span class='ocrx_word' id='word_1_98' title='bbox 666 1848 780 1905; x_wconf 86' lang='lat' dir='ltr'>statuas</span> <span class='ocrx_word' id='word_1_99' title='bbox 794 1841 937 1922; x_wconf 83' lang='lat' dir='ltr'>posuisse</span> <span class='ocrx_word' id='word_1_100' title='bbox 953 1860 1139 1903; x_wconf 78' lang='lat' dir='ltr'>censeamus.</span> <span class='ocrx_word' id='word_1_101' title='bbox 1176 1843 1268 1923; x_wconf 81' lang='lat' dir='ltr'>Quod</span> 
     </span>
     <span class='ocr_line' id='line_1_15' title="bbox 159 1946 1266 2032; baseline 0.006 -28"><span class='ocrx_word' id='word_1_102' title='bbox 159 1946 242 2024; x_wconf 86' lang='lat' dir='ltr'>apud</span> <span class='ocrx_word' id='word_1_103' title='bbox 261 1966 319 2008; x_wconf 92' lang='lat' dir='ltr'>nos</span> <span class='ocrx_word' id='word_1_104' title='bbox 339 1946 464 2031; x_wconf 88' lang='grc' dir='ltr'>θεσμῶν</span> <span class='ocrx_word' id='word_1_105' title='bbox 483 1948 593 2032; x_wconf 79' lang='grc' dir='ltr'>ταμίας</span> <span class='ocrx_word' id='word_1_106' title='bbox 612 1956 746 2027; x_wconf 85' lang='lat' dir='ltr'>vocatur,</span> <span class='ocrx_word' id='word_1_107' title='bbox 768 1949 848 2013; x_wconf 86' lang='lat' dir='ltr'>sicut</span> <span class='ocrx_word' id='word_1_108' title='bbox 866 1948 1052 2029; x_wconf 80' lang='lat' dir='ltr'>Megaricum</span> <span class='ocrx_word' id='word_1_109' title='bbox 1070 1948 1147 2011; x_wconf 91' lang='lat' dir='ltr'>illud</span> <span class='ocrx_word' id='word_1_110' title='bbox 1169 1949 1266 2012; x_wconf 80' lang='grc' dir='ltr'>ἐθνῶν</span> 
     </span>
     <span class='ocr_line' id='line_1_16' title="bbox 158 2053 1267 2141; baseline 0.005 -26"><span class='ocrx_word' id='word_1_111' title='bbox 158 2054 210 2115; x_wconf 83' lang='grc' dir='ltr'>καὶ</span> <span class='ocrx_word' id='word_1_112' title='bbox 232 2053 354 2116; x_wconf 81' lang='grc' dir='ltr'>πόλεων</span> <span class='ocrx_word' id='word_1_113' title='bbox 381 2054 480 2139; x_wconf 81' lang='grc' dir='ltr'>φύλαξ</span> <span class='ocrx_word' id='word_1_114' title='bbox 504 2059 601 2139; x_wconf 81' lang='lat' dir='ltr'>magis</span> <span class='ocrx_word' id='word_1_115' title='bbox 628 2058 795 2121; x_wconf 88' lang='lat' dir='ltr'>ornamenti</span> <span class='ocrx_word' id='word_1_116' title='bbox 818 2076 909 2121; x_wconf 86' lang='lat' dir='ltr'>eausa</span> <span class='ocrx_word' id='word_1_117' title='bbox 930 2056 1065 2118; x_wconf 80' lang='lat' dir='ltr'>additum</span> <span class='ocrx_word' id='word_1_118' title='bbox 1087 2065 1146 2135; x_wconf 87' lang='lat' dir='ltr'>est,</span> <span class='ocrx_word' id='word_1_119' title='bbox 1179 2080 1267 2141; x_wconf 90' lang='lat' dir='ltr'>quarn</span> 
     </span>
     <span class='ocr_line' id='line_1_17' title="bbox 158 2164 1267 2248; baseline 0.005 -25"><span class='ocrx_word' id='word_1_120' title='bbox 158 2168 192 2224; x_wconf 88' lang='lat' dir='ltr'>ut</span> <span class='ocrx_word' id='word_1_121' title='bbox 212 2164 250 2224; x_wconf 83' lang='lat' dir='ltr'>de</span> <span class='ocrx_word' id='word_1_122' title='bbox 273 2170 357 2226; x_wconf 88' lang='lat' dir='ltr'>certo</span> <span class='ocrx_word' id='word_1_123' title='bbox 377 2164 510 2247; x_wconf 90' lang='lat' dir='ltr'>quodam</span> <span class='ocrx_word' id='word_1_124' title='bbox 525 2167 702 2248; x_wconf 80' lang='lat' dir='ltr'>magistratu</span> <span class='ocrx_word' id='word_1_125' title='bbox 722 2168 859 2230; x_wconf 87' lang='lat' dir='ltr'>videatur</span> <span class='ocrx_word' id='word_1_126' title='bbox 879 2164 1074 2245; x_wconf 83' lang='lat' dir='ltr'>cogitandum</span> <span class='ocrx_word' id='word_1_127' title='bbox 1094 2186 1169 2229; x_wconf 89' lang='lat' dir='ltr'>esse.</span> <span class='ocrx_word' id='word_1_128' title='bbox 1209 2168 1267 2229; x_wconf 86' lang='lat' dir='ltr'>Cui</span> 
     </span>
     <span class='ocr_line' id='line_1_18' title="bbox 158 2269 1267 2358; baseline 0.005 -27"><span class='ocrx_word' id='word_1_129' title='bbox 158 2269 319 2354; x_wconf 81' lang='grc' dir='ltr'>θεσμῶν</span> <span class='ocrx_word' id='word_1_130' title='bbox 339 2272 432 2357; x_wconf 73' lang='grc' dir='ltr'>ταμία</span> <span class='ocrx_word' id='word_1_131' title='bbox 452 2274 554 2355; x_wconf 89' lang='lat' dir='ltr'>lepide</span> <span class='ocrx_word' id='word_1_132' title='bbox 575 2295 609 2338; x_wconf 88' lang='lat' dir='ltr'>se</span> <span class='ocrx_word' id='word_1_133' title='bbox 628 2274 758 2357; x_wconf 89' lang='lat' dir='ltr'>opponit</span> <span class='ocrx_word' id='word_1_134' title='bbox 778 2274 908 2338; x_wconf 83' lang='lat' dir='ltr'>alterni</span> <span class='ocrx_word' id='word_1_135' title='bbox 930 2270 1065 2357; x_wconf 82' lang='grc' dir='ltr'>μίνθων</span> <span class='ocrx_word' id='word_1_136' title='bbox 1087 2274 1197 2358; x_wconf 85' lang='grc' dir='ltr'>ταμίαν</span> <span class='ocrx_word' id='word_1_137' title='bbox 1224 2276 1267 2355; x_wconf 93' lang='lat' dir='ltr'>(in</span> 
     </span>
     <span class='ocr_line' id='line_1_19' title="bbox 158 2380 1265 2469; baseline 0.003 -28"><span class='ocrx_word' id='word_1_138' title='bbox 158 2401 246 2462; x_wconf 91' lang='lat' dir='ltr'>quarn</span> <span class='ocrx_word' id='word_1_139' title='bbox 264 2381 449 2445; x_wconf 89' lang='lat' dir='ltr'>locutionem</span> <span class='ocrx_word' id='word_1_140' title='bbox 464 2385 603 2447; x_wconf 86' lang='lat' dir='ltr'>conferas</span> <span class='ocrx_word' id='word_1_141' title='bbox 619 2381 808 2468; x_wconf 80' lang='grc' dir='ltr'>Δημόκριτον</span> <span class='ocrx_word' id='word_1_142' title='bbox 823 2380 994 2469; x_wconf 75' lang='grc' dir='ltr'>περίφρονα</span> <span class='ocrx_word' id='word_1_143' title='bbox 1007 2380 1139 2466; x_wconf 79' lang='grc' dir='ltr'>ποιμένα</span> <span class='ocrx_word' id='word_1_144' title='bbox 1160 2382 1265 2466; x_wconf 82' lang='grc' dir='ltr'>μύθων</span> 
     </span>
     <span class='ocr_line' id='line_1_20' title="bbox 158 2492 1265 2574; baseline 0.004 -25"><span class='ocrx_word' id='word_1_145' title='bbox 158 2509 235 2570; x_wconf 84' lang='lat' dir='ltr'>quae</span> <span class='ocrx_word' id='word_1_146' title='bbox 255 2500 325 2552; x_wconf 90' lang='lat' dir='ltr'>sunt</span> <span class='ocrx_word' id='word_1_147' title='bbox 344 2492 479 2554; x_wconf 89' lang='lat' dir='ltr'>Timonis</span> <span class='ocrx_word' id='word_1_148' title='bbox 499 2493 620 2555; x_wconf 85' lang='lat' dir='ltr'>Phliasii</span> <span class='ocrx_word' id='word_1_149' title='bbox 638 2513 686 2573; x_wconf 85' lang='lat' dir='ltr'>ap.</span> <span class='ocrx_word' id='word_1_150' title='bbox 706 2492 797 2574; x_wconf 76' lang='lat' dir='ltr'>Diog.</span> <span class='ocrx_word' id='word_1_151' title='bbox 816 2494 915 2555; x_wconf 78' lang='lat' dir='ltr'>Laart</span> <span class='ocrx_word' id='word_1_152' title='bbox 935 2492 992 2569; x_wconf 83' lang='lat' dir='ltr'>lx,</span> <span class='ocrx_word' id='word_1_153' title='bbox 1010 2494 1052 2555; x_wconf 73' lang='grc'>40</span> <span class='ocrx_word' id='word_1_154' title='bbox 1074 2510 1094 2553; x_wconf 84' lang='lat' dir='ltr'>a</span> <span class='ocrx_word' id='word_1_155' title='bbox 1114 2493 1265 2554; x_wconf 86' lang='lat' dir='ltr'>hleiuehio</span> 
     </span>
     <span class='ocr_line' id='line_1_21' title="bbox 157 2598 1266 2679; baseline 0.005 -22"><span class='ocrx_word' id='word_1_156' title='bbox 157 2616 256 2677; x_wconf 84' lang='lat' dir='ltr'>nuper</span> <span class='ocrx_word' id='word_1_157' title='bbox 276 2598 432 2678; x_wconf 84' lang='lat' dir='ltr'>praeclare</span> <span class='ocrx_word' id='word_1_158' title='bbox 455 2600 610 2661; x_wconf 85' lang='lat' dir='ltr'>emendata</span> <span class='ocrx_word' id='word_1_159' title='bbox 626 2599 799 2662; x_wconf 79' lang='lat' dir='ltr'>Exercitatt</span> <span class='ocrx_word' id='word_1_160' title='bbox 820 2600 852 2661; x_wconf 92' lang='lat' dir='ltr'>in</span> <span class='ocrx_word' id='word_1_161' title='bbox 869 2598 977 2661; x_wconf 80' lang='lat' dir='ltr'>Athen.</span> <span class='ocrx_word' id='word_1_162' title='bbox 994 2620 1025 2679; x_wconf 92' lang='lat' dir='ltr'>p.</span> <span class='ocrx_word' id='word_1_163' title='bbox 1043 2601 1093 2679; x_wconf 82' lang='lat'>6);</span> <span class='ocrx_word' id='word_1_164' title='bbox 1115 2600 1266 2679; x_wconf 86' lang='lat' dir='ltr'>sophistes</span> 
     </span>
     <span class='ocr_line' id='line_1_22' title="bbox 158 2705 1267 2791; baseline 0.005 -27"><span class='ocrx_word' id='word_1_165' title='bbox 158 2705 238 2765; x_wconf 88' lang='lat' dir='ltr'>euim</span> <span class='ocrx_word' id='word_1_166' title='bbox 266 2713 312 2767; x_wconf 89' lang='lat' dir='ltr'>est</span> <span class='ocrx_word' id='word_1_167' title='bbox 338 2713 369 2768; x_wconf 92' lang='lat' dir='ltr'>et</span> <span class='ocrx_word' id='word_1_168' title='bbox 396 2707 585 2791; x_wconf 77' lang='lat' dir='ltr'>eloquentiae</span> <span class='ocrx_word' id='word_1_169' title='bbox 610 2708 778 2791; x_wconf 76' lang='lat' dir='ltr'>professor.</span> <span class='ocrx_word' id='word_1_170' title='bbox 828 2707 902 2769; x_wconf 84' lang='lat' dir='ltr'>Fuit</span> <span class='ocrx_word' id='word_1_171' title='bbox 931 2714 1032 2769; x_wconf 85' lang='lat' dir='ltr'>autem</span> <span class='ocrx_word' id='word_1_172' title='bbox 1061 2714 1092 2769; x_wconf 88' lang='lat' dir='ltr'>et</span> <span class='ocrx_word' id='word_1_173' title='bbox 1117 2709 1182 2787; x_wconf 86' lang='lat' dir='ltr'>ipse</span> <span class='ocrx_word' id='word_1_174' title='bbox 1211 2728 1267 2770; x_wconf 86' lang='lat' dir='ltr'>sua</span> 
     </span>
     <span class='ocr_line' id='line_1_23' title="bbox 157 2814 1266 2896; baseline 0.002 -21"><span class='ocrx_word' id='word_1_175' title='bbox 157 2820 253 2876; x_wconf 88' lang='lat' dir='ltr'>aetate</span> <span class='ocrx_word' id='word_1_176' title='bbox 272 2814 497 2893; x_wconf 85' lang='lat' dir='ltr'>celeberrimus,</span> <span class='ocrx_word' id='word_1_177' title='bbox 518 2816 681 2881; x_wconf 87' lang='lat' dir='ltr'>dummodo</span> <span class='ocrx_word' id='word_1_178' title='bbox 699 2816 740 2878; x_wconf 84' lang='lat' dir='ltr'>ad</span> <span class='ocrx_word' id='word_1_179' title='bbox 760 2816 889 2879; x_wconf 85' lang='lat' dir='ltr'>eundem</span> <span class='ocrx_word' id='word_1_180' title='bbox 904 2814 1098 2878; x_wconf 85' lang='lat' dir='ltr'>Plutarchum</span> <span class='ocrx_word' id='word_1_181' title='bbox 1121 2815 1182 2877; x_wconf 92' lang='lat' dir='ltr'>duo</span> <span class='ocrx_word' id='word_1_182' title='bbox 1204 2816 1266 2896; x_wconf 90' lang='lat' dir='ltr'>epi-</span> 
     </span>
     <span class='ocr_line' id='line_1_24' title="bbox 158 2924 1265 3007; baseline 0.004 -25"><span class='ocrx_word' id='word_1_183' title='bbox 158 2930 320 3002; x_wconf 83' lang='lat' dir='ltr'>grammata</span> <span class='ocrx_word' id='word_1_184' title='bbox 348 2924 501 3005; x_wconf 84' lang='lat' dir='ltr'>Megarica</span> <span class='ocrx_word' id='word_1_185' title='bbox 529 2925 584 3007; x_wconf 87' lang='lat' dir='ltr'>(C.</span> <span class='ocrx_word' id='word_1_186' title='bbox 610 2926 704 2989; x_wconf 86' lang='lat' dir='ltr'>lusor.</span> <span class='ocrx_word' id='word_1_187' title='bbox 730 2927 813 2990; x_wconf 79' lang='lat'>1⁰80</span> <span class='ocrx_word' id='word_1_188' title='bbox 833 2927 861 2988; x_wconf 87' lang='grc' dir='ltr'>Α</span> <span class='ocrx_word' id='word_1_189' title='bbox 884 2932 915 2988; x_wconf 86' lang='lat' dir='ltr'>et</span> <span class='ocrx_word' id='word_1_190' title='bbox 935 2927 982 3006; x_wconf 89' lang='lat' dir='ltr'>B)</span> <span class='ocrx_word' id='word_1_191' title='bbox 1012 2925 1172 2987; x_wconf 86' lang='lat' dir='ltr'>referenda</span> <span class='ocrx_word' id='word_1_192' title='bbox 1198 2944 1265 2986; x_wconf 88' lang='lat' dir='ltr'>esse</span> 
     </span>
     <span class='ocr_line' id='line_1_25' title="bbox 156 3032 1265 3119; baseline 0.004 -29"><span class='ocrx_word' id='word_1_193' title='bbox 156 3032 317 3112; x_wconf 85' lang='lat' dir='ltr'>putaveris.</span> <span class='ocrx_word' id='word_1_194' title='bbox 351 3033 414 3095; x_wconf 86' lang='lat' dir='ltr'>Sed</span> <span class='ocrx_word' id='word_1_195' title='bbox 432 3032 492 3095; x_wconf 86' lang='lat' dir='ltr'>hoo</span> <span class='ocrx_word' id='word_1_196' title='bbox 511 3033 661 3099; x_wconf 81' lang='lat' dir='ltr'>incertius.</span> <span class='ocrx_word' id='word_1_197' title='bbox 693 3034 777 3098; x_wconf 86' lang='lat' dir='ltr'>Nota</span> <span class='ocrx_word' id='word_1_198' title='bbox 796 3032 925 3119; x_wconf 88' lang='lat' dir='ltr'>denique</span> <span class='ocrx_word' id='word_1_199' title='bbox 943 3033 1107 3099; x_wconf 87' lang='lat' dir='ltr'>louismum</span> <span class='ocrx_word' id='word_1_200' title='bbox 1127 3033 1265 3096; x_wconf 90' lang='lat' dir='ltr'>omnibus</span> 
     </span>
     <span class='ocr_line' id='line_1_26' title="bbox 156 3140 625 3222; baseline 0.006 -22"><span class='ocrx_word' id='word_1_201' title='bbox 156 3148 286 3222; x_wconf 84' lang='lat' dir='ltr'>quatuor</span> <span class='ocrx_word' id='word_1_202' title='bbox 310 3140 403 3204; x_wconf 90' lang='lat' dir='ltr'>titulis</span> <span class='ocrx_word' id='word_1_203' title='bbox 425 3162 625 3206; x_wconf 84' lang='lat' dir='ltr'>communem.</span> 
     </span>
    </p>
   </div>
   <div class='ocr_carea' id='block_1_4' title="bbox 0 0 1426 4936">
    <p class='ocr_par' dir='ltr' id='par_1_5' title="bbox 0 0 1426 4936">
     <span class='ocr_line' id='line_1_27' title="bbox 0 0 1426 4936; baseline 0 3"><span class='ocrx_word' id='word_1_204' title='bbox 0 0 1426 4936; x_wconf 95' lang='lat' dir='ltr'> </span> 
     </span>
    </p>
   </div>
  </div>
 </body>
</html>
