2842 4936
702 379 721 441 7

639 463 784 472 ...ἢ

157 545 269 607 niensis
286 540 390 626 Βαιῆς
411 544 482 625 pagi
505 564 614 606 nomen
632 541 782 623 hodieque
800 542 872 604 loco
897 543 955 618 illi,
978 542 1030 603 ubi
1052 540 1171 601 titulum
1194 561 1262 620 rep-

156 654 319 734 perissent,
349 653 505 715 inhaerere
535 653 664 733 pagique
688 652 800 712 rudera
820 671 882 713 non
901 671 998 731 pauca
1020 650 1082 710 illic
1102 669 1260 729 superesse

155 761 246 823 addit.
281 763 356 822 Bate
374 761 431 823 suit
443 761 584 841 Aegbidis
600 759 696 823 tribus
712 759 796 821 ouius
812 759 882 839 pagi
895 759 981 820 multi
1003 757 1166 820 suburbani
1182 764 1259 820 sunt.

238 868 421 932 Accedimus
443 870 481 930 ad
500 868 627 949 singula.
665 865 885 950 Ἀμυνόμαχος
900 866 1091 949 Φιλοκράτοο
1114 867 1189 946 legis
1212 887 1261 928 ro-

157 985 244 1058 gator
266 981 324 1039 iam
344 977 464 1039 aliunde
485 983 575 1040 notus
595 984 653 1052 est;
679 982 760 1039 certe
783 975 885 1035 eadem
906 975 1026 1035 nomina
1047 976 1154 1035 eodem
1176 995 1261 1055 prae-

156 1087 249 1148 misso
274 1106 354 1165 pago
383 1086 475 1148 habes
499 1086 531 1146 in
557 1088 591 1148 Ο.
612 1088 634 1148 Ι.
657 1085 710 1147 Gr.
734 1085 793 1146 183
821 1083 880 1144 eol.
901 1083 928 1144 11
952 1102 996 1145 vs.
1018 1083 1052 1158 9,
1081 1084 1166 1147 cuius
1187 1084 1258 1165 pagi

156 1215 267 1257 nomen
287 1194 416 1274 llgenius
440 1194 481 1258 sil.
502 1194 564 1254 illic
586 1194 644 1255 iam
662 1198 832 1272 agnoverat.
853 1212 880 1252 v.
894 1190 971 1252 Add.
990 1212 1020 1270 p.
1036 1193 1105 1262 907;
1128 1211 1259 1253 necnon

158 1304 287 1364 eundem
300 1303 557 1381 Amynomachurn
573 1323 641 1364 cum
656 1302 826 1362 Timocrate
842 1299 977 1360 Potamio
998 1298 1146 1378 Epicurus
1164 1299 1260 1379 philo-

158 1413 272 1491 sophus
293 1431 394 1473 rerum
413 1431 534 1473 suarum
556 1410 696 1471 heredem
715 1409 746 1468 in
764 1414 942 1470 testamento
960 1407 1079 1469 videtur
1094 1408 1259 1488 scripsisse.

160 1519 249 1598 Diog.
269 1522 365 1580 Laert.
381 1522 423 1596 X,
441 1523 489 1582 16.
514 1520 576 1581 Cic.
594 1520 620 1580 F
624 1520 660 1579 in.
676 1519 711 1579 ll.
730 1518 779 1578 31,
810 1517 894 1577 Unde
915 1522 1041 1577 aetatem
1060 1517 1138 1576 tituli
1158 1517 1261 1596 paidlo

158 1626 325 1687 accuratius
337 1628 459 1688 delinire
473 1628 585 1688 licebit.
611 1625 770 1705 Polyeucti
780 1645 891 1686 nornen
901 1625 956 1685 luit
966 1625 1046 1703 apud
1057 1626 1261 1705 Phegaeeuses

160 1735 301 1815 frequens
332 1736 370 1798 cf.
393 1738 427 1796 C.
451 1737 472 1797 Ι.
495 1738 547 1797 Gr.
570 1756 638 1815 pag.
662 1736 733 1796 315.
774 1733 866 1793 Tituli
890 1732 986 1793 nostri
1007 1733 1129 1793 uomina
1154 1735 1263 1814 partim

158 1843 263 1904 eadem
281 1843 407 1903 redeunt
423 1842 454 1902 in
467 1844 571 1922 fragm.
588 1863 635 1921 ap.
650 1843 739 1902 Ross,
758 1843 885 1917 Kritz'os,
900 1842 1039 1917 Absiotes,
1055 1843 1195 1902 Kresz'lus
1207 1848 1261 1904 eto.

157 1953 252 2030 Epist
275 1951 320 2011 ad
341 1952 494 2014 Tlu'ersclr.
514 1951 623 2014 Athen.
649 1951 739 2012 1839.
761 1969 790 2010 n.
809 1951 838 2012 5.
864 1949 894 2008 iu
914 1949 1024 2009 tabella
1045 1969 1168 2012 annexa.

242 2079 283 2121 es.
306 2061 333 2120 2.
367 2057 496 2142 ἄρχων
522 2056 781 2124 κατασταθείς
805 2093 847 2104 -
875 2057 923 2118 hic
946 2058 1010 2118 noli
1032 2057 1069 2117 de
1091 2057 1150 2118 alio
1173 2059 1264 2138 inagi-

160 2175 255 2230 stratu
284 2168 418 2248 cogitare
445 2168 502 2229 nisi
530 2166 582 2248 qui
608 2167 646 2226 ad
670 2185 756 2226 sacra
777 2167 833 2226 rite
855 2167 1086 2228 administranda
1109 2166 1264 2246 pertineat.

161 2275 265 2362 ἄρχειν
288 2276 426 2338 similiter
447 2277 478 2335 in
499 2275 586 2337 titulo
612 2294 680 2336 meo
702 2275 811 2352 Naxio,
836 2297 916 2338 nunc
939 2278 1011 2338 (3.1.
1030 2275 1141 2338 attat

242 2406 284 2446 us.
307 2387 335 2447 6.
366 2381 669 2466 ἡέπικόσμησις
689 2386 755 2463 τῆς
773 2383 967 2467 τραπέζης
988 2406 1064 2466 quae
1084 2386 1162 2446 inter
1179 2404 1266 2446 sacra

158 2513 283 2556 munera
301 2493 438 2568 refertur,
458 2510 537 2552 nova
554 2497 614 2564 est;
641 2511 740 2572 neque
760 2512 833 2553 vero
855 2493 958 2554 dubito
980 2493 1071 2574 epula
1090 2493 1266 2556 sacrificalia

160 2599 322 2681 significari
350 2618 515 2679 eorumque
544 2601 788 2661 adornandorum
809 2621 912 2662 curam
934 2602 1103 2682 Polyeucto
1125 2600 1266 2661 feriarum

160 2708 297 2771 archonti
317 2706 489 2785 impositam
511 2726 586 2768 esse.
621 2706 741 2769 Deinde
762 2704 900 2790 ἐμέρισεν
924 2707 1030 2770 δὲκαὶ
1050 2707 1163 2777 εἰςτὸν
1184 2704 1264 2768 οἶνον

158 2854 251 2865 --
266 2812 406 2898 δραχμὰς
421 2813 513 2893 ὀκτώ,
531 2814 585 2877 ubi
600 2814 673 2898 quid
686 2814 888 2897 supplendum
903 2816 942 2879 sit
957 2837 1020 2879 non
1035 2821 1127 2899 petet
1150 2811 1264 2897 μερίζοι

159 2933 206 2987 est
217 2922 393 3005 simpliciter
405 2921 486 2999 dare,
501 2921 685 3004 impendere.
711 2925 746 2986 In
761 2943 825 2986 rem
838 2925 977 2989 conferas
991 2924 1175 3007 οἰνομιτρεῖν
1188 2920 1265 2984 illud

159 3032 242 3117 quod
255 3031 433 3107 Nexiorum,
450 3027 644 3109 Andriorum,
661 3030 789 3094 aliorum
809 3032 841 3094 in
859 3033 943 3097 lestis
962 3033 1119 3097 Bacchicis
1138 3030 1264 3112 aliisque

157 3142 304 3207 sollemne
332 3145 406 3203 erat
443 3136 492 3204 Gi.
517 3136 653 3201 Philoch.
683 3158 730 3220 ap.
753 3138 862 3204 Athen.
882 3142 939 3205 Xl.
961 3163 991 3220 p.
1011 3142 1081 3204 464.
1106 3136 1191 3222 capel
1212 3138 1263 3201 τὸν

158 3248 265 3335 ἀγῶνα
285 3248 384 3311 πάντα
407 3247 464 3330 (sc.
483 3250 543 3309 τῶν
558 3244 778 3324 Διονυσιακῶν)
801 3246 883 3315 οἶνος
902 3245 1005 3316 αὐτοῖς
1027 3247 1193 3333 ᾠνοχοεῖτο
1213 3244 1265 3309 καὶ

158 3355 339 3443 τραγήματα
357 3351 560 3441 παρεφέρετο.

242 3484 285 3527 us.
311 3466 340 3528 8.
374 3462 417 3526 τὸ
444 3461 708 3546 ἀγομοιοτικὸν
735 3462 868 3543 intellige
889 3464 1048 3545 pecuniam
1074 3484 1092 3527 e
1115 3461 1264 3543 vectigali,

159 3572 243 3659 qnod
268 3570 442 3655 pendebant
467 3570 521 3655 qui
544 3576 693 3634 mercatus
715 3590 806 3634 causa
825 3571 865 3633 ed
885 3573 1032 3637 lleraclea
1053 3575 1264 3648 couvenerant,

159 3682 192 3747 in
209 3700 330 3747 sacrum
349 3680 457 3743 ἣοοιιιῐι
476 3679 670 3756 redeuntem,
695 3699 773 3763 quae
794 3679 826 3742 in
846 3700 981 3762 paganos
1002 3689 1054 3744 aut
1073 3687 1138 3744 tota
1155 3685 1208 3742 aut
1228 3698 1265 3741 ex

160 3794 246 3873 perte
264 3787 508 3853 dsnmuebatur.
541 3791 643 3869 Quare
659 3786 790 3850 conieci:
810 3787 845 3850 rb
862 3786 1059 3872 ἀγομαστιιιὸν
1077 3789 1112 3853 τὸ
1127 3788 1264 3873 περιττὸν

161 3896 232 3963 ie.
257 3897 417 3981 pecuniam
441 3894 583 3959 detractis
607 3895 777 3976 sumptibus
797 3896 974 3959 necessariis
994 3898 1153 3971 relicuam;
1182 3895 1264 3979 quod

162 4005 401 4086 supplementum
422 4024 492 4067 cum
511 4005 611 4085 spatio
633 4004 745 4085 optime
765 4005 918 4083 convenit,
945 4006 1000 4067 sed
1021 4012 1147 4087 propter
1168 4022 1265 4085 gram-

161 4110 300 4176 inanem
315 4114 435 4176 mallem
449 4114 505 4177 τοῦ
522 4111 734 4197 ἀγομαστιιιοῦ.
762 4112 845 4175 Alibi
857 4114 975 4177 solebat
990 4112 1115 4177 ἀτέλεια
1132 4112 1151 4175 i.
1167 4132 1194 4175 e.
1210 4112 1264 4175 im-

162 4220 290 4285 munitas
304 4228 453 4287 mercatus
471 4240 542 4285 cum
559 4220 644 4285 festis
666 4220 809 4304 coniungi
829 4222 909 4286 sicut
928 4222 1010 4287 Naxi
1030 4223 1062 4285 in
1082 4218 1233 4303 scrupeis.
